3058 4960
641 477 819 552 ..23-

194 718 259 790 ges
286 724 294 771 :
327 699 391 774 sed
418 703 450 774 si
478 723 553 776 non
580 727 638 777 res
658 716 815 791 tantum,
848 730 976 780 verum
999 709 1257 797 'etiamhverha

194 847 375 929 attendas
404 847 596 938 ingenium
628 862 843 942 peracutum
875 864 1109 947 mentemque
1139 857 1258 926 omni-

193 990 264 1059 bus
296 992 527 1083 antiquitatis
561 994 767 1085 disciplinis
801 991 984 1066 excultam
1015 997 1054 1066 in
1084 1019 1257 1090 conspee-

193 1142 271 1203 tum
298 1135 444 1205 venisse
478 1137 541 1207 tibi
572 1160 792 1228 persuasum
822 1141 901 1210 erit.
935 1142 1113 1212 Citandus
1145 1144 1255 1213 etiam

191 1275 288 1346 inter
316 1279 487 1348 Eucherii
517 1302 626 1370 opera
655 1281 814 1364 libellus,
847 1283 906 1352 cui
936 1284 1065 1354 titulus
1098 1289 1140 1354 de
1170 1289 1257 1356 Gon·

192 1434 330 1512 templu
362 1429 505 1503 arandi,
545 1427 590 1496 ad
624 1428 866 1498 Valerianum
900 1429 1074 1510 directus
1110 1430 1149 1499 in
1183 1453 1256 1522 quo

191 1570 363 1640 laudatus
382 1570 551 1660 scriptor,
574 1571 669 1640 inter
688 1571 826 1641 multas
841 1593 926 1663 quae
942 1593 987 1642 ex
1002 1573 1133 1642 intimo
1148 1575 1257 1644 eorde

189 1715 392 1805 procedunt
418 1713 587 1804 paginas
621 1736 697 1783 non
726 1737 864 1805 paucas
888 1715 1018 1786 miscet
1046 1737 1130 1808 quae
1155 1737 1256 1806 mag-

157 1828 159 1836 *
190 1880 281 1928 num
301 1869 449 1939 sonant,
470 1879 628 1948 veraque
648 1857 855 1948 eloquentia
882 1857 926 1927 de
947 1858 1057 1927 rebus
1080 1858 1255 1948 perituris

188 2003 358 2074 renitent.
380 2005 432 2072 Ea
452 2023 654 2094 eorumque
669 2001 805 2070 similia
822 2001 1075 2083 homiliarum,
1093 2025 1187 2095 quas
1207 2003 1253 2073 ad

187 2147 365 2236 populum
385 2145 514 2215 habuit
534 2144 752 2225 Eucherius
778 2145 1002 2214 desiderium
1028 2146 1151 2249 majus
1171 2146 1253 2237 inji-

186 2290 289 2359 ciunt
311 2312 318 2358 :
347 2289 483 2380 quibus
509 2289 548 2357 in
569 2270 694 2378 aperto
716 2289 837 2376 magis
857 2297 954 2358 esset
972 2312 1044 2380 qua
1065 2290 1250 2372 varietate,

185 2457 257 2526 qua
277 2434 311 2503 vi
332 2434 370 2502 in
391 2410 545 2504 dicendo
574 2433 713 2523 potitus
744 2433 792 2501 sit
818 2433 1083 2520 Lugdunensis
1114 2434 1252 2525 episco-

185 2596 268 2664 pus,
297 2573 342 2642 de
365 2595 438 2664 quo
466 2573 615 2664 scripsit
633 2575 838 2642 Mamertus
858 2573 1087 2643 Claudianus
1109 2597 1116 2642 :
1141 2576 1250 2655 «Qui

186 2739 202 2780 a
224 2714 362 2784 scilicet
381 2715 509 2785 viridis
529 2716 611 2796 aeri,
633 2713 769 2783 maturi
785 2713 914 2794 animi,
934 2723 1041 2783 terrae
1056 2714 1248 2804 dispuens

184 2879 200 2919 a
223 2855 305 2924 coeli
339 2864 528 2946 appetens,
562 2847 715 2924 humilis
751 2853 896 2944 spiritu,
931 2856 1072 2925 arduus
1105 2856 1247 2938 meritc,

183 3025 200 3065 a
222 3021 265 3068 ac
284 2998 437 3090 proinde
458 2997 607 3087 ingenio
628 2997 910 3078 subtilissimus,
927 2997 1080 3067 scientia
1101 2998 1247 3088 plenuS,

183 3145 355 3237 «eloquii
388 3145 589 3234 profluens
622 3163 846 3231 magnorum
879 3142 938 3212 sui
965 3139 1080 3212 seculi
1104 3141 1248 3232 pontifi-

182 3313 198 3352 «
220 3310 304 3357 cum
326 3288 434 3380 longe
453 3289 654 3369 maximus
686 3286 793 3358 editis
820 3289 859 3357 in
880 3310 957 3358 rem
982 3285 1247 3375 fideimultiju-

181 3456 197 3496 a
219 3432 277 3520 gis
310 3431 498 3500 variorum
523 3451 676 3522 operum
696 3431 989 3501 voluminibus»
1013 3433 1103 3520 (1)...
1137 3430 1247 3520 Apud

179 3575 401 3645 recentiores
432 3598 472 3645 ea
505 3574 711 3646 Eucherius
740 3576 888 3645 fortuna
921 3573 1068 3654 fruitur,
1100 3583 1140 3643 ut
1169 3594 1245 3642 non

215 3825 253 3898 (l)
278 3824 450 3884 Mamertus
475 3827 520 3906 Cl.
547 3828 589 3882 De
613 3830 699 3882 statu
724 3824 844 3882 onintoe
861 3825 897 3893 ΙΙ,
914 3841 979 3899 cap.
1000 3823 1026 3890 9,
1045 3842 1074 3898 p.
1091 3821 1153 3889 135,
1172 3822 1242 3878 edit.

176 3922 308 3984 Vindob.
336 3961 371 3972 -
395 3928 474 3984 Mire
500 3930 672 3983 consonant
697 3943 767 4000 quae
792 3925 917 3998 scripsit
941 3923 1098 3991 Sidonius,
1120 3922 1172 3978 lib.
1191 3920 1242 3990 lv,

176 4027 264 4099 epist.
280 4026 308 4095 3,
322 4026 360 4082 ad
374 4027 590 4095 Claudianum,
614 4025 804 4083 Eucherium
822 4032 886 4080 tum
902 4023 1036 4095 antiquis
1052 4020 1242 4092 auctoribus

175 4131 239 4180 turn
258 4127 378 4182 sanctis
390 4125 578 4190 doctoribus
590 4142 774 4198 comparans
789 4124 877 4198 eique
893 4121 951 4177 soli
962 4121 1099 4176 omnium
1113 4120 1242 4174 virtutes

175 4225 325 4291 tribuens
349 4226 390 4281 sti
407 4225 586 4298 Hieronymi
607 4225 853 4289 instructionem,
874 4219 980 4275 Basilii
1003 4220 1106 4289 magni
1122 4234 1242 4274 correo-

174 4327 288 4383 tionem
305 4331 334 4380 et
350 4326 556 4390 severitatem,
573 4322 739 4394 Augustini
755 4321 935 4387 doctrinam,
952 4324 1026 4378 etc.v
