3058 4960
657 499 835 567 ...39-

212 722 380 792 omnium
401 721 573 792 laudibus
589 723 824 793 extolleretur
844 709 1096 821 magnumque
1112 723 1170 793 sui
1186 723 1279 797 desi-

211 865 356 936 derium
377 876 462 956 post
479 876 635 937 mortem
656 868 889 969 relinqueret.

257 1010 362 1078 Hanc
399 1008 666 1098 discipulorum
710 1007 970 1079 Lerinensium
1010 1009 1280 1091 recensionem,

210 1154 280 1222 etsi
306 1175 381 1223 non
411 1164 612 1244 suppetunt
644 1155 796 1224 nomina
824 1155 992 1224 omnium
1019 1155 1094 1245 qui,
1128 1163 1207 1224 tum
1233 1154 1279 1256 ad

212 1297 364 1377 litteras,
388 1306 466 1366 turn
482 1298 527 1366 ad
543 1281 770 1367 monasticas
789 1298 1006 1388 disciplinas
1028 1307 1170 1367 tantum
1186 1297 1279 1366 edis-

210 1442 360 1522 cendaS,
379 1442 417 1510 in
437 1444 601 1534 insulam
621 1452 813 1525 venerunt,
836 1444 985 1532 longius
1005 1445 1199 1533 procedere
1219 1465 1279 1532 pa-

211 1607 297 1654 rum
324 1586 483 1675 prodest.
508 1590 691 1658 'Praeterea
720 1587 806 1657 buic
833 1588 939 1678 parti,
975 1587 1124 1678 aliquod
1153 1596 1278 1677 postea

210 1736 282 1798 suo
307 1730 385 1798 loco
405 1732 550 1800 accedet
570 1733 895 1822 complementum.
919 1733 960 1799 ln
981 1732 1176 1822 praesentia
1194 1753 1279 1802 vero

211 1881 376 1962 praestat,
390 1873 474 1963 quia
491 1873 535 1942 de
550 1874 816 1944 Lerinensibus
831 1873 1024 1964 discipulis
1040 1874 1173 1961 agitur,
1191 1879 1280 1963 pau

210 2037 277 2084 cos
310 2017 454 2085 tanturn
481 2039 575 2108 quos
614 2027 698 2086 nota
734 2018 903 2108 quaedam
939 2018 1185 2097 commendat,
1221 2017 1281 2085 bic

208 2160 356 2241 afferre,
377 2182 489 2251 quam
510 2161 710 2248 ignobilem
731 2162 1001 2230 monachorum
1022 2170 1218 2242 catervam,
1241 2169 1281 2230 ut
1380 2216 1389 2229 ,

207 2302 305 2371 solet
324 2324 414 2371 suos
434 2304 471 2372 in
492 2305 569 2373 acie
588 2305 723 2374 milites
750 2306 961 2396 imperator,
989 2305 1184 2394 explicare.
1213 2304 1280 2372 ltdi-

205 2446 316 2516 noris
336 2446 434 2513 enim
453 2445 557 2536 pretii
578 2456 633 2516 est
654 2447 805 2516 nomina
827 2447 908 2516 sine
928 2446 1069 2522 bonore
1089 2465 1279 2534 aggerare,

205 2610 325 2680 quam
355 2611 417 2658 eos
444 2589 544 2657 solos
568 2589 631 2680 qui
659 2589 766 2658 laude
794 2589 963 2677 insignes
991 2589 1141 2676 longam
1168 2588 1279 2670 riam,

204 2753 326 2824 quam
350 2754 390 2800 ea
416 2741 519 2801 aetate
545 2733 816 2820 merovingiaca
846 2733 1061 2802 Lerinensis
1096 2732 1281 2821 institutio

203 2875 433 2968 decucurrit,
456 2875 602 2964 propria
624 2875 801 2962 dignitate
821 2875 927 2966 quasi
949 2875 1111 2962 signant.

258 3019 401 3100 Quibus
427 3019 596 3109 perlectis
621 3019 849 3100 nominibus
879 3019 997 3089 satius
1021 3020 1089 3089 erit
1109 3041 1189 3088 earn
1210 3019 1282 3088 dis-

201 3163 390 3254 ciplinam
410 3163 609 3252 explanare
633 3184 704 3254 qua
730 3163 775 3232 ad
797 3162 936 3231 litteras
962 3163 1158 3232 discendas
1185 3163 1283 3232 Leri-

200 3328 351 3378 nenses
374 3306 545 3396 discipuli
566 3306 889 3375 informabantur:
913 3327 971 3374 res
991 3327 1089 3386 rer0,
1112 3327 1185 3396 quo
1201 3326 1283 3392 gra-

200 3453 299 3530 tior,
333 3471 374 3518 eo
403 3444 599 3518 difficilior.
635 3452 777 3518 Desunt
809 3451 883 3519 lere
912 3450 1037 3518 omnia
1072 3450 1282 3544 testimonia

198 3615 299 3688 quae
318 3613 395 3660 rem
416 3593 648 3683 perspicuam
678 3593 827 3661 reddero
851 3577 1000 3683 queant,
1030 3613 1145 3681 eoque
1170 3592 1284 3660 addu-

197 3739 348 3816 cimur,
371 3746 411 3806 ut
431 3737 525 3805 raris
552 3745 586 3804 et
612 3736 739 3804 minus
767 3735 1064 3822 significantibus
1089 3755 1284 3823 argumen-

197 3884 261 3954 tis
284 3879 514 3960 insistentes,
536 3901 652 3970 pauca
679 3886 823 3947 tantum
844 3878 1048 3947 delibemus
1073 3899 1118 3946 ex
1138 3878 1184 3946 iis
1203 3899 1285 3968 qure

194 4022 348 4100 intime
367 4032 558 4113 penetrare
586 4045 655 4091 nos
682 4023 885 4112 plurimum
906 4022 1062 4111 juraret.
1089 4024 1161 4090 Pro
1187 4029 1285 4089 certo

195 4183 344 4244 tamen
370 4167 532 4256 primum
560 4166 773 4236 babendum
798 4175 864 4246 est,
887 4165 925 4233 in
946 4165 1072 4233 schola
1092 4163 1284 4233 Lerinensi

191 4334 278 4388 eas
305 4309 468 4397 viguisse
494 4309 712 4411 disciplinas
734 4330 816 4400 quac
843 4309 970 4406 eadem
995 4315 1110 4388 aetate,
1135 4333 1150 4372 a
1170 4328 1285 4402 quan-
