3072 4956
631 505 808 585 ..834

185 744 376 814 silentium
410 744 540 813 saltem
578 728 879 818 dubirementis,
911 740 1038 804 forsan
1055 725 1254 802 'Cassiano

186 885 596 980 assentientissignum
617 884 771 951 videtur.

231 1027 417 1118 Quidquid
447 1035 570 1095 tamen
597 1026 667 1093 hac
694 1026 732 1093 in
754 1045 793 1093 re
813 1008 999 1092 senserint
1019 1017 1254 1095 LerinenseS,

187 1192 263 1239 non
308 1171 444 1240 desunt
494 1178 712 1258 argumenta
757 1168 894 1258 quibus
942 1163 1143 1232 innitentes
1193 1181 1256 1228 eos

187 1313 357 1382 Cassiani
392 1313 559 1403 partibus
593 1334 701 1403 parce
733 1309 881 1389 favisse,
918 1327 1036 1396 neque
1069 1304 1108 1371 in
1138 1302 1254 1371 aciem

187 1457 432 1546 theologicam
452 1458 497 1526 de
518 1458 585 1526 hac
607 1479 644 1526 re
664 1465 781 1525 marte
804 1452 913 1523 feroci
934 1451 1138 1529 devenisse,
1156 1468 1255 1518 usse·

189 1614 330 1661 ramus,
364 1594 404 1659 ln
432 1613 513 1661 cam
539 1591 760 1660 sententiam
781 1588 1001 1658 adducimur
1027 1584 1189 1674 primum
1209 1583 1254 1650 ah

187 1727 269 1815 ipso
289 1728 484 1816 Prospero,
511 1725 574 1815 qui
597 1724 853 1793 Massilienses
881 1721 1113 1810 presbyteros
1140 1719 1256 1787 Seru-i-

186 1839 463 1947 Pclayt'nm‘srm'
496 1868 617 1949 portes
649 1858 840 1947 amplexos¹
868 1856 905 1923 in
933 1853 1085 1944 epistola
1117 1852 1164 1920 ad
1182 1852 1256 1918 Au-

187 1995 383 2082 gustinum
410 2003 572 2084 1·eputat;
604 1993 825 2061 Lanuenses
850 2012 934 2059 vcro
964 2011 1082 2079 neque
1108 1987 1257 2055 obstan-

188 2135 256 2209 teS,
286 2150 404 2218 neque
429 2129 592 2197 faventes
621 2126 802 2214 doctrinae¹
823 2125 958 2194 recenti
981 2121 1257 2194 denuntiandus

188 2262 377 2330 existimat
404 2264 466 2349 (1).
502 2260 567 2330 Cui
596 2260 767 2349 Prosperi
796 2259 943 2354 silentio
975 2265 1057 2346 apte
1086 2254 1257 2342 congruit

133 2427 136 2432 ·
188 2419 229 2464 ea
258 2418 366 2465 mens
393 2418 466 2486 qua
493 2395 726 2474 Vincentius,
757 2415 842 2462 cum
876 2413 987 2461 suum
1015 2393 1255 2462 Commonito-

188 2534 293 2598 rium
331 2529 518 2610 scriberet,
563 2529 646 2598 data
685 2527 891 2608 occasione,
939 2521 1061 2595 tamen
1101 2546 1256 2594 sensum

189 2683 302 2732 suum
330 2662 428 2731 haud
458 2662 631 2750 ambigue
658 2661 845 2731 declarare
865 2660 914 2728 ita
940 2660 1082 2738 abnuit,
1105 2667 1145 2728 ut
1169 2680 1256 2727 neu-

189 2796 284 2866 trius
304 2804 428 2886 partes
447 2804 572 2886 aperte
590 2796 638 2864 sit
656 2796 863 2886 amplexus

233 2930 457 3006 Lerinenses
477 2939 600 2998 tamen
625 2930 671 2998 ad
696 2950 861 3020 pugnam
890 2938 1009 2999 erecto
1036 2931 1156 3001 fronte
1176 2949 1257 2997 sese

188 3065 443 3144 accinxerunt,
471 3085 556 3133 cum
581 3066 742 3133 Faustus
762 3086 856 3154 opus
876 3085 987 3134 suum
1008 3070 1049 3133 de
1070 3067 1202 3133 Gratia
1224 3071 1259 3130 et

187 3205 230 3268 de
258 3203 370 3268 lz'bero
395 3201 553 3268 arbitrio
579 3199 816 3288 composuit:
844 3199 1009 3288 jamvero
1031 3220 1149 3289 neque
1173 3217 1258 3265 cum

187 3342 401 3432 Augustino
427 3363 545 3432 neque
569 3363 654 3411 cum
676 3344 858 3432 Prospero
886 3351 974 3411 tunc
999 3327 1171 3421 roserat,
1194 3341 1258 3410 sed

188 3496 275 3544 cum
290 3474 516 3565 quibusdam
536 3497 582 3544 ex
601 3495 729 3543 eorum
750 3475 943 3565 discipulis
963 3496 1125 3544 errorem
1146 3496 1256 3566 quem

187 3612 603 3678 Prceclestiniunismum
645 3618 777 3677 vocant
815 3610 1121 3699 approbantibus
1164 3611 1256 3679 Cum

185 3743 270 3831 jure
321 3742 526 3832 meritoque
577 3742 784 3831 oppositam
835 3742 1042 3813 doctrinam
1096 3745 1259 3813 tueretur

189 3877 364 3954 Faustus,
391 3895 517 3943 avero
537 3874 722 3944 interdum
752 3876 994 3946 declinavisse
1020 3877 1258 3969 deprehendi-

189 4009 262 4080 tur,
285 3999 334 4068 ita
355 4008 396 4068 ut
417 4009 452 4068 et
471 4000 561 4089 ipse,
582 4001 708 4069 forsan
738 4001 772 4068 vi
801 4003 1010 4072 traditionis
1036 4003 1134 4093 apim
1161 4006 1258 4073 Leri-

190 4155 328 4203 nenses
356 4142 520 4223 receptae,
545 4133 640 4202 inter
671 4137 1063 4224 Serui-Pctuyz'oue‘smi
1095 4141 1258 4210 lautores

225 4329 265 4403 (l)
280 4329 379 4402 Epist.
395 4334 437 4386 ad
452 4332 600 4401 illiceat,
617 4349 643 4386 c.
659 4331 687 4384 2.
