3072 4956
707 473 909 541 -112-

283 724 299 762 «
321 697 488 785 largitus,
504 695 769 766 monasterium
785 673 876 763 inibi
894 695 1012 762 facere
1029 691 1272 782 praeciperet»
1288 691 1351 778 (1).

282 840 385 921 Quod
414 849 641 909 exstructum
671 839 716 908 ad
745 839 882 907 ostium
908 837 1010 934 Wiri
1039 834 1221 914 fluminis,
1250 855 1354 934 anno

281 985 512 1063 DCLxxlt',
555 1007 574 1051 a
612 983 759 1052 duobus
798 982 1007 1068 anglorum
1050 980 1174 1048 verbis
1213 1000 1353 1048 nomen

281 1125 518 1194 Wiremouth
547 1164 591 1177 -
618 1125 655 1192 id
684 1133 750 1203 est,
776 1125 876 1192 Wiri
902 1123 1040 1192 ostium
1063 1161 1109 1174 -·-
1131 1122 1282 1211 accepit.
1316 1122 1354 1190 ld

282 1270 443 1359 primum
465 1268 550 1336 huic
570 1268 710 1354 regioni
737 1268 908 1356 praestitit
931 1267 1167 1346 Benedictus,
1190 1287 1276 1335 cum
1307 1266 1354 1336 ad

275 1412 549 1481 ‚monasterium
570 1411 828 1479 exornandum
846 1432 866 1478 e
886 1409 1005 1479 Gallia
1026 1411 1187 1478 artifices
1207 1409 1353 1488 accivit,

281 1554 343 1645 qui
365 1581 382 1617 a
402 1554 609 1641 Anglorum
626 1574 672 1621 ex
691 1575 733 1622 eo
752 1561 899 1640 gentem
916 1553 1132 1642 hujusmodi
1151 1553 1353 1622 artificium

231 1695 237 1706 '
281 1718 393 1766 nosse
408 1719 451 1764 ac
469 1697 610 1764 discere
627 1697 793 1765 lecerunt
809 1722 825 1760 »
845 1699 907 1785 (2).

324 1844 450 1930 Neque
474 1838 533 1906 his
559 1839 698 1907 finibus
723 1840 938 1908 Lerinensis
963 1840 1137 1929 discipuli
1163 1840 1354 1910 indelessa

281 1984 452 2052 alacritas
490 2004 529 2050 se
567 1983 761 2051 continuit.
807 1984 918 2051 Anno
960 1985 1060 2051 enim
1094 1984 1353 2063 DCLXXXll,

280 2148 365 2196 cum
399 2147 463 2194 rex
497 2125 671 2212 Egiridus
704 2126 814 2194 rebus
848 2147 868 2193 a
908 2127 1104 2195 Benedicta
1138 2127 1355 2196 constitutis

182 2331 189 2340 .
280 2270 439 2338 multum
468 2268 721 2347 delectaretur,
749 2269 868 2357 primo
892 2268 990 2337 dono
1016 2270 1176 2339 alterum
1201 2272 1350 2361 adjecit,

281 2439 299 2476 «
320 2410 564 2502 [juodraginta
581 2410 702 2478 adhuc
719 2410 943 2480 familiarum
960 2412 1041 2480 data
1060 2413 1315 2501 possessione,
1337 2440 1352 2477 »

280 2556 320 2616 ut
354 2544 623 2614 monasterium
661 2544 701 2611 B.
745 2545 850 2612 Pauli
894 2547 1051 2635 apostoli
1082 2557 1352 2629 exstrueretur,

281 2706 298 2744 «
320 2701 360 2748 ea
385 2680 578 2748 dumtaxat
607 2677 758 2757 ratione,
790 2687 830 2746 ut
859 2701 933 2748 una
962 2681 1159 2771 utriusque
1180 2683 1251 2752 loci
1281 2704 1355 2772 pax

282 2839 298 2877 «
319 2822 353 2881 et
368 2811 566 2881 'concordia
588 2811 714 2879 cadem
737 2821 908 2901 perpetua
931 2814 1183 2884 familiaritate
1203 2839 1354 2887 conser-

279 2955 426 3015 varetur
461 2972 476 3010 n
518 2948 578 3033 (3).
616 2945 681 3013 Cui
722 2947 947 3015 monasterio
986 2948 1167 3018 Girvcnse
1198 2972 1352 3032 nomen,

278 3087 475 3158 vernacula
501 3087 629 3174 lingua
659 3088 809 3168 larrou',
847 3089 1006 3159 inditum
1034 3100 1101 3159 est.
1136 3095 1353 3184 Antequam

279 3239 567 3308 construeretur,
591 3239 722 3320 quarto
743 3233 900 3300 Romam
922 3234 1142 3303 Benedictus
1163 3238 1354 3325 profectus

279 3382 356 3443 erat
378 3396 385 3440 :
408 3395 450 3442 eo
470 3380 593 3440 autem
620 3381 844 3454 constructe,
868 3376 1041 3465 quintum
1062 3379 1131 3446 iter
1151 3380 1256 3462 iniit;
1279 3403 1354 3472 quo

314 3595 353 3665 (1)
367 3594 562 3652 Venerabilis
578 3594 671 3660 Beda,
688 3594 754 3650 loco
770 3597 819 3651 cit.

314 3693 353 3762 (2)
368 3691 562 3747 Venerabilis
578 3691 671 3758 Beda,
689 3691 755 3746 loco
771 3694 820 3747 cit.

314 3788 353 3858 (3)
372 3787 445 3842 ibid.
477 3811 487 3837 ι
511 3787 574 3842 Tlie
592 3793 647 3841 tivc
670 3787 866 3843 foundatious
891 3793 923 3846 of
943 3793 1140 3850 Wiremoulli
1157 3799 1219 3854 and
1238 3801 1354 3858 larrcw

280 3904 389 3942 «uero
410 3903 444 3940 so
466 3884 636 3955 singular-ly
663 3887 830 3950 connected
855 3889 884 3941 in
912 3889 990 3945 tlieir
1014 3893 1098 3965 fflrly
1121 3895 1252 3968 history,
1278 3898 1353 3963 lliat,

279 3992 338 4040 «to
355 4000 411 4038 use
427 3983 477 4038 tlie
494 3983 675 4054 expression
701 3983 732 4035 of
755 3983 879 4039 Simeon
907 3989 939 4041 of
962 3988 1110 4058 Durliain,
1129 3993 1201 4066 tliey
1218 3961 1305 4052 seem
1326 4003 1353 4053 to
1426 4021 1428 4036 ¹

279 4107 289 4134 ι
308 4082 386 4137 liare
401 4081 479 4136 been
496 4097 554 4135 oric
571 4083 745 4150 monastery
762 4079 839 4134 liuill
855 4100 936 4154 upon
954 4089 1009 4140 two
1024 4088 1099 4142 sites
1118 4112 1128 4138 ι
1146 4094 1354 4152 Mcacsticon

274 4179 494 4250 ,lectioonem
511 4178 549 4249 by
562 4177 605 4231 sir
620 4175 756 4230 William
774 4177 1068 4248 chdalc.Volu1ne
1083 4186 1133 4243 the
1150 4189 1221 4260 fast,
1240 4211 1270 4266 p.
1287 4193 1351 4250 acl.

276 4277 414 4345 Londou‚
431 4275 511 4332 1817.
