3058 4960
726 511 904 582 ...16-

284 739 454 810 «dicatio
497 745 678 830 quantum
721 737 861 806 flumen
902 735 1123 827 eloquentiae
1160 733 1344 815 hahuerit,

284 911 300 950 «
321 905 416 976 quas
431 882 699 952 sententiarum
716 901 884 970 gemmas
899 880 1095 972 sculpserit
1100 935 1166 950 .....
1184 880 1344 972 descrip-

284 1028 465 1097 «tionum
485 1025 608 1095 varias
627 1026 794 1117 picturas·
819 1035 855 1097 et
885 1026 1086 1096 rhetoricos
1117 1025 1259 1095 colores
1286 1045 1346 1097 ex-

284 1199 301 1237 «
322 1170 498 1262 presserit
502 1224 568 1240 .....
601 1191 677 1239 non
708 1170 829 1240 dicam
862 1169 981 1252 licere,
1015 1169 1079 1239 sed
1109 1189 1155 1238 ne
1185 1168 1346 1255 cogitare

284 1343 300 1381 «
321 1338 381 1385 me
400 1337 509 1407 posse
528 1322 710 1405 protestor
715 1368 781 1384 .....
803 1314 834 1383 si
855 1313 1057 1404 peritorum
1082 1313 1189 1382 turba
1211 1311 1348 1382 deluis·

283 1486 300 1527 «
321 1468 388 1542 set,
410 1459 568 1550 simplici
585 1478 757 1529 sermone
774 1458 998 1528 rusticorum
1016 1456 1125 1526 corda
1146 1455 1344 1535 nutriebat,

283 1631 300 1670 a
321 1613 358 1675 at
377 1603 439 1673 ubi
459 1603 663 1672 instructos
690 1599 950 1690 supervenisse
977 1599 1142 1681 vidisset,
1173 1618 1346 1670 sermone
1423 1617 1426 1620 ·

283 1773 299 1813 «
320 1747 424 1816 vultu
444 1743 581 1836 pariter
606 1745 646 1813 in
666 1743 827 1835 quadam
847 1743 964 1831 gratia
993 1743 1142 1813 insolita
1164 1742 1345 1812 excitaba-

282 1916 299 1955 «
321 1898 392 1969 tur,
419 1887 543 1978 seipso
561 1889 694 1960 celsior
713 1887 925 1978 apparebat,
955 1894 996 1955 ut
1015 1887 1181 1977 ejusdem
1201 1888 1345 1978 praelati

282 2057 298 2096 «
319 2031 488 2101 doctores
509 2032 685 2121 temporis
712 2030 775 2123 qui
796 2028 877 2100 suis
897 2028 1046 2119 scriptis
1065 2029 1185 2100 meriti
1206 2032 1345 2102 summi

269 2177 298 2235 'u
320 2154 484 2239 claruere
521 2169 671 2251 Silvius,
706 2169 902 2250 Eusebius,
942 2169 1150 2240 Domnolus
1187 2170 1345 2240 admira-

282 2339 298 2378 «
320 2312 419 2383 tione
445 2313 613 2384 succensi
647 2314 687 2382 in
717 2313 798 2382 haec
825 2313 935 2382 verbe
962 2313 1199 2403 proruperint
1229 2336 1237 2383 ε
1268 2335 1345 2384 non

281 2457 538 2540 «doctrinam,
579 2480 654 2529 non
692 2457 953 2549 eloquentiam,
991 2458 1055 2527 sed
1094 2458 1218 2528 nescio
1256 2457 1345 2551 quid

281 2626 298 2665 «
320 2621 431 2691 super
451 2601 622 2671 homines
641 2610 881 2672 consecutum
887 2656 953 2671 .....
976 2610 1017 2672 ut
1036 2601 1150 2692 hujus
1167 2601 1344 2692 temporis

281 2743 458 2825 «Livius,
487 2754 591 2836 poeta
620 2753 655 2815 et
681 2753 809 2815 auctor
827 2745 1002 2833 insignia,
1029 2745 1174 2836 publice
1205 2746 1344 2836 procla-

281 2913 298 2952 «
319 2896 465 2958 maret:
494 2888 526 2957 si
545 2888 782 2976 Augustinus
810 2898 893 2979 post
912 2889 1098 2958 Hilarium
1124 2888 1267 2971 fuisset,
1286 2889 1343 2980 ju-

281 3056 297 3095 «
318 3028 503 3101 dicaretur
522 3032 674 3102 inferior
695 3059 711 3098 »
734 3035 795 3122 (1).

323 3176 414 3244 Haec
433 3174 500 3243 etsi
521 3175 635 3245 nimia
656 3175 773 3265 pietas
792 3176 914 3245 verbis
941 3174 1084 3245 videtur
1103 3177 1341 3268 amplificare,

279 3337 324 3387 ex
350 3318 396 3388 iis
417 3326 539 3387 tamen
560 3318 780 3409 eloquentiae
811 3319 943 3388 Hilarii
972 3321 1227 3391 monumentis
1258 3343 1343 3413 quae

278 3465 318 3534 in
339 3473 487 3535 nostras
515 3487 651 3535 manus
678 3475 870 3548 venerunt,
903 3490 1080 3559 provere
1112 3469 1247 3540 hahere
1267 3491 1342 3539 non

278 3607 517 3678 diffitebimur
554 3629 639 3699 quae
671 3609 782 3699 paulo
822 3619 905 3700 post
942 3610 1136 3701 subjungit
1169 3612 1342 3682 laudatus

278 3761 417 3832 auctor,
461 3751 500 3820 in
545 3752 706 3821 medium
754 3753 895 3843 prolato
933 3754 1031 3844 quod
1068 3764 1173 3824 vocat
1209 3755 1341 3824 Hilarii

280 3894 581 3964 «inexhaustum
607 3896 791 3966 facundiae
819 3897 969 3979 sontem,
998 3898 1340 3988 philosophicorum

277 4037 494 4126 dogmatum
525 4039 739 4108 interiorem
768 4060 966 4131 veramque
994 4041 1244 4112 doctrinam»
1278 4044 1339 4131 (2).

314 4237 345 4302 (l)
368 4235 436 4293 Vita
450 4235 573 4292 Hilarii
592 4237 629 4293 ab
644 4238 801 4294 Honorato
815 4238 933 4295 Massil.
950 4240 1024 4298 ibid.
1046 4238 1160 4298 Patrol.
1181 4240 1245 4306 lat,
1269 4246 1289 4296 t.
1306 4242 1340 4306 L,

278 4334 335 4391 col.
353 4333 432 4389 1231.
1236 4361 1240 4372 ·

314 4433 354 4506 (2)
368 4432 545 4492 Honoratus
560 4434 680 4493 Massil.
699 4435 785 4506 lbid,
802 4436 848 4495 col
865 4437 944 4498 1230.
