3058 4960
645 462 868 580 „ta-⁸

199 729 471 802 obtinuissent
496 731 691 801 credamus
721 753 872 801 necesse
896 741 963 814 est,
992 755 1077 804 cum
1107 733 1268 804 testimo·

200 876 273 944 niis
293 897 405 965 supra
424 874 546 943 allatis
562 874 610 942 sit
629 883 857 964 compertum
879 876 917 943 in
934 897 1014 946 eom
1031 877 1176 947 venisse
1192 899 1265 947 non

200 1039 336 1110 paucos
360 1019 423 1108 qui
449 1018 580 1108 primis
605 1018 809 1087 litterarum
840 1019 1031 1088 elementis
1057 1029 1182 1089 essent
1201 1020 1268 1088 ini-

199 1161 327 1242 tiandi,
362 1172 564 1254 contraque
597 1185 643 1232 ex
676 1184 715 1231 ea
748 1163 974 1252 processisse
1004 1164 1066 1254 qui
1094 1164 1172 1233 vice
1200 1187 1268 1234 sua

200 1313 278 1374 tum
300 1307 422 1387 verbo,
446 1315 523 1375 tum
545 1306 705 1397 scriptis,
728 1307 821 1376 alios
841 1307 1041 1383 erudirent.
1066 1310 1106 1377 In
1122 1330 1269 1378 monas-

199 1448 301 1518 teriis
321 1449 433 1528 enim,
469 1471 511 1518 eo
540 1458 702 1540 tempore
725 1450 802 1539 jam
831 1450 967 1540 ubique
1000 1451 1267 1532 exorientibus,

199 1597 350 1665 solitum
388 1596 599 1685 accepimus
637 1617 772 1685 pueros
806 1596 852 1664 ab
886 1617 986 1664 anno
1016 1596 1173 1686 septimo
1207 1596 1270 1666 vix

198 1741 344 1831 incepto
391 1741 531 1829 suscipi
574 1741 647 1828 (t),
688 1761 782 1830 quos
832 1739 877 1809 ad
922 1739 1061 1810 litteras
1107 1739 1269 1829 primurn

192 1885 414 1982 discendas,
452 1883 584 1952 deinde
626 1883 831 1970 signandas
874 1883 1099 1952 detinebant.
1144 1885 1270 1972 Neque

199 2027 311 2098 etiam
331 2027 482 2096 deerant
505 2026 568 2116 qui
590 2025 700 2095 rudes
730 2001 764 2094 et
792 2025 917 2094 adulta
936 2025 1014 2116 jam
1041 2033 1148 2093 aetate
1172 2025 1269 2094 Leri-

201 2192 318 2240 nense
355 2168 624 2238 monesterium
668 2169 848 2256 ingressi,
889 2168 1020 2258 primis
1064 2168 1268 2236 litterarum

199 2285 394 2383 elementis
413 2321 517 2382 erant
539 2312 743 2391 imbuendi,
770 2313 868 2402 quod
893 2312 937 2380 de
958 2311 1120 2380 Caesario
1142 2311 1268 2380 Areia-

201 2457 296 2526 tensi
317 2456 504 2526 affirmare
524 2456 651 2524 forsan
672 2455 795 2524 liceret
816 2457 877 2542 (2).
906 2455 939 2523 Is
961 2463 1097 2535 tamen,
1118 2454 1268 2546 biennio

129 2659 135 2672 .
199 2602 299 2692 apud
326 2601 548 2670 Lerinenses
575 2599 637 2667 vin
661 2607 820 2688 peracto,
856 2598 903 2666 ita
934 2598 1085 2668 edoctus
1114 2598 1202 2667 exiit
1230 2607 1271 2668 ut

198 2743 372 2823 Pomerii,
409 2743 579 2822 rhetoris,
615 2742 714 2810 baud
753 2740 937 2810 immerito
971 2740 1178 2830 discipulus
1211 2741 1270 2808 fie-

200 2896 255 2956 ret
271 2889 331 2975 (3).
362 2887 470 2956 Haud
493 2886 564 2954 alia
593 2885 734 2962 ratione
752 2885 835 2975 jure
854 2883 988 2952 dicitur
1015 2883 1110 2952 inter
1136 2905 1269 2973 pueros

199 3031 276 3123 qui,
299 2997 568 3099 monesterium
593 2994 794 3098 Lerinense
821 3027 1030 3116 petentibus
1057 3027 1266 3106 Saracenis,

201 3195 248 3242 ex
264 3173 387 3241 insula
405 3173 591 3259 fugerunt,
608 3170 790 3261 quosdam
807 3168 923 3238 fuisse
938 3168 1000 3259 qui
1019 3169 1139 3258 primo
1156 3167 1271 3236 scien-

201 3315 263 3384 tiae
284 3314 414 3402 gradui
435 3313 736 3402 adhibebantur„

230 3459 350 3539 ,Quod
366 3458 397 3526 si
416 3458 462 3526 ab
482 3457 614 3526 humili
633 3454 814 3546 principio
839 3454 1101 3524 scholasticam
1124 3453 1270 3522 institu-

201 3603 340 3672 tionem
360 3601 581 3670 Lerinenses
603 3600 669 3668 rite
689 3599 912 3688 incipebant,
942 3606 1106 3665 attamen
1130 3617 1211 3664 eam
1231 3595 1270 3664 in

201 3745 262 3814 his
281 3744 452 3832 angustis
473 3743 611 3812 finibus
636 3763 711 3810 non
732 3741 886 3810 omnino
907 3740 1164 3814 metiebantur,
1194 3738 1271 3806 lon-

200 3889 360 3979 giusque
398 3886 655 3978 procedebant,
696 3884 792 3975 quod
832 3883 1045 3952 scholarum
1081 3881 1270 3972 proprium

238 4103 274 4174 (¹1,
294 4102 338 4156 Cf.
357 4101 495 4173 regulam
512 4101 553 4156 Sti
571 4101 699 4156 Caesarii
715 4099 753 4154 ad
770 4098 937 4154 monachos
953 4103 982 4154 et
998 4099 1141 4170 virgines
1156 4065 1269 4152 Patrol.

201 4201 266 4266 Iat,
284 4206 302 4254 t.
320 4199 443 4268 LXVII,
458 4198 515 4256 col.
533 4197 694 4254 1099-1108.

238 4299 277 4370 (2)
296 4298 365 4354 vna
380 4297 417 4353 su*
433 4297 565 4354 eaesaru
579 4299 698 4353 niara.
724 4295 826 4352 aanor
853 4295 915 4360 rat,
940 4301 959 4350 t.
977 4261 1099 4364 mvn,
1116 4294 1170 4352 σοι.
1191 4291 1270 4350 moa

241 4397 280 4469 (3)
296 4395 422 4461 Ibidem,
440 4395 497 4452 col.
515 4394 594 4452 1004.
