<?xml version="1.0" encoding="UTF-8"?>
<!DOCTYPE html PUBLIC "-//W3C//DTD XHTML 1.0 Transitional//EN"
    "http://www.w3.org/TR/xhtml1/DTD/xhtml1-transitional.dtd">
<html xmlns="http://www.w3.org/1999/xhtml" xml:lang="en" lang="en">
 <head>
  <title>
</title>
<meta http-equiv="Content-Type" content="text/html;charset=utf-8" />
  <meta name='ocr-system' content='tesseract 3.04.00' />
  <meta name='ocr-capabilities' content='ocr_page ocr_carea ocr_par ocr_line ocrx_word'/>
</head>
<body>
  <div class='ocr_page' id='page_1' title='image "./descholalerinen00lahagoog_0059.png"; bbox 0 0 3058 4960; ppageno 0'>
   <div class='ocr_carea' id='block_1_1' title="bbox 734 498 912 564">
    <p class='ocr_par' dir='ltr' id='par_1_1' title="bbox 734 498 912 564">
     <span class='ocr_line' id='line_1_1' title="bbox 734 498 912 564; baseline -0.011 -16"><span class='ocrx_word' id='word_1_1' title='bbox 734 498 912 564; x_wconf 72' lang='lat'>..38-</span> 
     </span>
    </p>
   </div>
   <div class='ocr_carea' id='block_1_2' title="bbox 242 711 1392 3113">
    <p class='ocr_par' dir='ltr' id='par_1_2' title="bbox 242 711 1355 1966">
     <span class='ocr_line' id='line_1_2' title="bbox 242 711 1353 811; baseline 0.002 -25"><span class='ocrx_word' id='word_1_2' title='bbox 242 792 245 796; x_wconf 63' lang='grc'><em>,</em></span> <span class='ocrx_word' id='word_1_3' title='bbox 289 750 305 788; x_wconf 86' lang='grc'>«</span> <span class='ocrx_word' id='word_1_4' title='bbox 331 724 416 792; x_wconf 88' lang='lat' dir='ltr'>darn</span> <span class='ocrx_word' id='word_1_5' title='bbox 438 748 454 787; x_wconf 71' lang='lat' dir='ltr'>n</span> <span class='ocrx_word' id='word_1_6' title='bbox 478 723 525 811; x_wconf 85' lang='lat'>(1)</span> <span class='ocrx_word' id='word_1_7' title='bbox 552 721 752 791; x_wconf 89' lang='lat' dir='ltr'>Lerinense</span> <span class='ocrx_word' id='word_1_8' title='bbox 779 711 1060 800; x_wconf 70' lang='lat' dir='ltr'>monasterium.</span> <span class='ocrx_word' id='word_1_9' title='bbox 1090 718 1193 789; x_wconf 91' lang='lat' dir='ltr'>utin</span> <span class='ocrx_word' id='word_1_10' title='bbox 1221 740 1263 788; x_wconf 91' lang='lat' dir='ltr'>eo</span> <span class='ocrx_word' id='word_1_11' title='bbox 1289 741 1353 788; x_wconf 94' lang='lat' dir='ltr'>no-</span> 
     </span>
     <span class='ocr_line' id='line_1_3' title="bbox 287 863 1355 951; baseline -0.001 -19"><span class='ocrx_word' id='word_1_12' title='bbox 287 889 371 935; x_wconf 80' lang='lat' dir='ltr'>ram</span> <span class='ocrx_word' id='word_1_13' title='bbox 396 866 479 936; x_wconf 81' lang='lat' dir='ltr'>vitae</span> <span class='ocrx_word' id='word_1_14' title='bbox 507 891 523 930; x_wconf 89' lang='grc'>«</span> <span class='ocrx_word' id='word_1_15' title='bbox 546 865 726 934; x_wconf 88' lang='lat' dir='ltr'>rationem</span> <span class='ocrx_word' id='word_1_16' title='bbox 743 864 875 944; x_wconf 87' lang='lat' dir='ltr'>iniret,</span> <span class='ocrx_word' id='word_1_17' title='bbox 901 863 990 933; x_wconf 90' lang='lat' dir='ltr'>adiit</span> <span class='ocrx_word' id='word_1_18' title='bbox 1012 890 1028 928; x_wconf 79' lang='lat' dir='ltr'>n</span> <span class='ocrx_word' id='word_1_19' title='bbox 1055 865 1115 951; x_wconf 82' lang='lat'>(·).</span> <span class='ocrx_word' id='word_1_20' title='bbox 1146 864 1355 932; x_wconf 78' lang='lat' dir='ltr'>Advenerat</span> 
     </span>
     <span class='ocr_line' id='line_1_4' title="bbox 290 1007 1355 1098; baseline -0.003 -20"><span class='ocrx_word' id='word_1_21' title='bbox 290 1018 413 1080; x_wconf 91' lang='lat' dir='ltr'>autem</span> <span class='ocrx_word' id='word_1_22' title='bbox 434 1030 519 1078; x_wconf 88' lang='lat' dir='ltr'>curn</span> <span class='ocrx_word' id='word_1_23' title='bbox 545 1030 587 1078; x_wconf 90' lang='lat' dir='ltr'>eo</span> <span class='ocrx_word' id='word_1_24' title='bbox 608 1009 800 1088; x_wconf 86' lang='lat' dir='ltr'>Siffredus,</span> <span class='ocrx_word' id='word_1_25' title='bbox 823 1007 903 1098; x_wconf 88' lang='lat' dir='ltr'>ejus</span> <span class='ocrx_word' id='word_1_26' title='bbox 923 1007 1047 1090; x_wconf 84' lang='lat' dir='ltr'>filius3</span> <span class='ocrx_word' id='word_1_27' title='bbox 1073 1008 1235 1098; x_wconf 87' lang='lat' dir='ltr'>dumque</span> <span class='ocrx_word' id='word_1_28' title='bbox 1253 1017 1355 1098; x_wconf 91' lang='lat' dir='ltr'>pater</span> 
     </span>
     <span class='ocr_line' id='line_1_5' title="bbox 287 1151 1353 1240; baseline -0.003 -19"><span class='ocrx_word' id='word_1_29' title='bbox 287 1154 326 1221; x_wconf 93' lang='lat' dir='ltr'>in</span> <span class='ocrx_word' id='word_1_30' title='bbox 347 1153 551 1222; x_wconf 86' lang='lat' dir='ltr'>monastica</span> <span class='ocrx_word' id='word_1_31' title='bbox 568 1153 736 1222; x_wconf 91' lang='lat' dir='ltr'>instituta</span> <span class='ocrx_word' id='word_1_32' title='bbox 753 1152 1001 1232; x_wconf 81' lang='lat' dir='ltr'>incumbebat,</span> <span class='ocrx_word' id='word_1_33' title='bbox 1019 1151 1097 1240; x_wconf 90' lang='lat' dir='ltr'>ipse</span> <span class='ocrx_word' id='word_1_34' title='bbox 1115 1177 1131 1216; x_wconf 88' lang='lat'>«</span> <span class='ocrx_word' id='word_1_35' title='bbox 1149 1151 1353 1220; x_wconf 89' lang='lat' dir='ltr'>litterarum</span> 
     </span>
     <span class='ocr_line' id='line_1_6' title="bbox 289 1295 1351 1386; baseline 0.004 -26"><span class='ocrx_word' id='word_1_36' title='bbox 289 1297 449 1366; x_wconf 82' lang='lat' dir='ltr'>«studio</span> <span class='ocrx_word' id='word_1_37' title='bbox 488 1297 657 1376; x_wconf 89' lang='lat' dir='ltr'>traditur,</span> <span class='ocrx_word' id='word_1_38' title='bbox 693 1296 756 1386; x_wconf 90' lang='lat' dir='ltr'>qui</span> <span class='ocrx_word' id='word_1_39' title='bbox 795 1295 833 1364; x_wconf 93' lang='lat' dir='ltr'>in</span> <span class='ocrx_word' id='word_1_40' title='bbox 866 1317 978 1385; x_wconf 85' lang='lat' dir='ltr'>parvo</span> <span class='ocrx_word' id='word_1_41' title='bbox 1012 1295 1188 1386; x_wconf 86' lang='lat' dir='ltr'>temporis</span> <span class='ocrx_word' id='word_1_42' title='bbox 1221 1295 1351 1386; x_wconf 88' lang='lat' dir='ltr'>spatie,</span> 
     </span>
     <span class='ocr_line' id='line_1_7' title="bbox 289 1441 1351 1529; baseline 0.002 -23"><span class='ocrx_word' id='word_1_43' title='bbox 289 1441 443 1529; x_wconf 86' lang='lat' dir='ltr'>«viguit</span> <span class='ocrx_word' id='word_1_44' title='bbox 475 1441 767 1511; x_wconf 74' lang='lat' dir='ltr'>luculentissime</span> <span class='ocrx_word' id='word_1_45' title='bbox 800 1441 839 1510; x_wconf 90' lang='lat' dir='ltr'>in</span> <span class='ocrx_word' id='word_1_46' title='bbox 870 1441 1125 1528; x_wconf 81' lang='lat' dir='ltr'>grammatica,</span> <span class='ocrx_word' id='word_1_47' title='bbox 1158 1441 1351 1522; x_wconf 86' lang='lat' dir='ltr'>rhetorica,</span> 
     </span>
     <span class='ocr_line' id='line_1_8' title="bbox 289 1577 1354 1676; baseline 0.005 -27"><span class='ocrx_word' id='word_1_48' title='bbox 289 1585 513 1664; x_wconf 82' lang='lat' dir='ltr'>«dialectica</span> <span class='ocrx_word' id='word_1_49' title='bbox 530 1613 546 1651; x_wconf 91' lang='lat'>»</span> <span class='ocrx_word' id='word_1_50' title='bbox 563 1588 624 1675; x_wconf 79' lang='lat'><strong>(3),</strong></span> <span class='ocrx_word' id='word_1_51' title='bbox 647 1585 696 1654; x_wconf 89' lang='lat' dir='ltr'>ita</span> <span class='ocrx_word' id='word_1_52' title='bbox 717 1577 758 1654; x_wconf 82' lang='lat' dir='ltr'>ut</span> <span class='ocrx_word' id='word_1_53' title='bbox 777 1593 810 1654; x_wconf 95' lang='lat' dir='ltr'>et</span> <span class='ocrx_word' id='word_1_54' title='bbox 827 1585 905 1676; x_wconf 90' lang='lat' dir='ltr'>ipse</span> <span class='ocrx_word' id='word_1_55' title='bbox 924 1585 1195 1654; x_wconf 90' lang='lat' dir='ltr'>monachorum</span> <span class='ocrx_word' id='word_1_56' title='bbox 1211 1585 1354 1654; x_wconf 86' lang='lat' dir='ltr'>militiae</span> 
     </span>
     <span class='ocr_line' id='line_1_9' title="bbox 288 1729 1353 1820; baseline 0.001 -23"><span class='ocrx_word' id='word_1_57' title='bbox 288 1751 376 1799; x_wconf 87' lang='lat' dir='ltr'>mox</span> <span class='ocrx_word' id='word_1_58' title='bbox 402 1730 660 1810; x_wconf 76' lang='lat' dir='ltr'>ascriberetur,</span> <span class='ocrx_word' id='word_1_59' title='bbox 687 1737 811 1820; x_wconf 89' lang='lat' dir='ltr'>postea</span> <span class='ocrx_word' id='word_1_60' title='bbox 839 1751 925 1798; x_wconf 73' lang='lat' dir='ltr'>vero</span> <span class='ocrx_word' id='word_1_61' title='bbox 954 1729 1050 1798; x_wconf 92' lang='lat' dir='ltr'>inter</span> <span class='ocrx_word' id='word_1_62' title='bbox 1076 1729 1280 1819; x_wconf 90' lang='lat' dir='ltr'>episcopos,</span> <span class='ocrx_word' id='word_1_63' title='bbox 1315 1729 1353 1798; x_wconf 92' lang='lat' dir='ltr'>in</span> 
     </span>
     <span class='ocr_line' id='line_1_10' title="bbox 287 1873 1073 1966; baseline 0 -24"><span class='ocrx_word' id='word_1_64' title='bbox 287 1873 431 1942; x_wconf 78' lang='lat' dir='ltr'>civitate</span> <span class='ocrx_word' id='word_1_65' title='bbox 451 1873 808 1963; x_wconf 86' lang='lat' dir='ltr'>Carpentoractensi‚</span> <span class='ocrx_word' id='word_1_66' title='bbox 830 1882 1073 1966; x_wconf 89' lang='lat' dir='ltr'>cooptaretur.</span> 
     </span>
    </p>

    <p class='ocr_par' dir='ltr' id='par_1_3' title="bbox 283 2016 1392 3113">
     <span class='ocr_line' id='line_1_11' title="bbox 331 2016 1352 2108; baseline 0.001 -24"><span class='ocrx_word' id='word_1_67' title='bbox 331 2016 506 2084; x_wconf 86' lang='lat' dir='ltr'>Proximo</span> <span class='ocrx_word' id='word_1_68' title='bbox 542 2016 678 2097; x_wconf 81' lang='lat' dir='ltr'>seculO,</span> <span class='ocrx_word' id='word_1_69' title='bbox 716 2016 901 2105; x_wconf 85' lang='lat' dir='ltr'>Agricola,</span> <span class='ocrx_word' id='word_1_70' title='bbox 941 2037 1050 2108; x_wconf 84' lang='lat' dir='ltr'>quern</span> <span class='ocrx_word' id='word_1_71' title='bbox 1087 2016 1125 2084; x_wconf 94' lang='lat' dir='ltr'>in</span> <span class='ocrx_word' id='word_1_72' title='bbox 1159 2016 1352 2086; x_wconf 79' lang='lat' dir='ltr'>Provincia</span> 
     </span>
     <span class='ocr_line' id='line_1_12' title="bbox 287 2159 1353 2248; baseline 0 -20"><span class='ocrx_word' id='word_1_73' title='bbox 287 2160 495 2228; x_wconf 85' lang='lat' dir='ltr'>clarissima</span> <span class='ocrx_word' id='word_1_74' title='bbox 515 2159 736 2228; x_wconf 85' lang='lat' dir='ltr'>Albinorum</span> <span class='ocrx_word' id='word_1_75' title='bbox 765 2159 916 2241; x_wconf 87' lang='lat' dir='ltr'>familia,</span> <span class='ocrx_word' id='word_1_76' title='bbox 946 2160 1057 2228; x_wconf 85' lang='lat' dir='ltr'>fratre</span> <span class='ocrx_word' id='word_1_77' title='bbox 1081 2161 1230 2248; x_wconf 84' lang='lat' dir='ltr'>Magno,</span> <span class='ocrx_word' id='word_1_78' title='bbox 1257 2161 1353 2228; x_wconf 86' lang='lat' dir='ltr'>Gan-</span> 
     </span>
     <span class='ocr_line' id='line_1_13' title="bbox 287 2302 1353 2396; baseline 0 -24"><span class='ocrx_word' id='word_1_79' title='bbox 287 2302 454 2372; x_wconf 89' lang='lat' dir='ltr'>daltrude</span> <span class='ocrx_word' id='word_1_80' title='bbox 480 2309 597 2371; x_wconf 90' lang='lat' dir='ltr'>matre</span> <span class='ocrx_word' id='word_1_81' title='bbox 623 2309 746 2371; x_wconf 91' lang='lat' dir='ltr'>ortum</span> <span class='ocrx_word' id='word_1_82' title='bbox 771 2302 910 2382; x_wconf 91' lang='lat' dir='ltr'>dicunt,</span> <span class='ocrx_word' id='word_1_83' title='bbox 939 2325 1024 2372; x_wconf 90' lang='lat' dir='ltr'>curn</span> <span class='ocrx_word' id='word_1_84' title='bbox 1044 2303 1106 2371; x_wconf 74' lang='lat' dir='ltr'>rix</span> <span class='ocrx_word' id='word_1_85' title='bbox 1125 2325 1246 2372; x_wconf 90' lang='lat' dir='ltr'>annos</span> <span class='ocrx_word' id='word_1_86' title='bbox 1265 2324 1353 2396; x_wconf 87' lang='lat' dir='ltr'>qua-</span> 
     </span>
     <span class='ocr_line' id='line_1_14' title="bbox 287 2446 1353 2526; baseline 0.001 -10"><span class='ocrx_word' id='word_1_87' title='bbox 287 2446 489 2516; x_wconf 88' lang='lat' dir='ltr'>tuordecim</span> <span class='ocrx_word' id='word_1_88' title='bbox 511 2455 621 2516; x_wconf 90' lang='lat' dir='ltr'>natus</span> <span class='ocrx_word' id='word_1_89' title='bbox 641 2455 750 2526; x_wconf 84' lang='lat' dir='ltr'>esset,</span> <span class='ocrx_word' id='word_1_90' title='bbox 773 2446 811 2514; x_wconf 92' lang='lat' dir='ltr'>in</span> <span class='ocrx_word' id='word_1_91' title='bbox 832 2447 995 2516; x_wconf 89' lang='lat' dir='ltr'>insulam</span> <span class='ocrx_word' id='word_1_92' title='bbox 1015 2447 1188 2516; x_wconf 89' lang='lat' dir='ltr'>Lerinam</span> <span class='ocrx_word' id='word_1_93' title='bbox 1209 2469 1249 2516; x_wconf 88' lang='lat' dir='ltr'>se</span> <span class='ocrx_word' id='word_1_94' title='bbox 1268 2470 1353 2517; x_wconf 90' lang='lat' dir='ltr'>con-</span> 
     </span>
     <span class='ocr_line' id='line_1_15' title="bbox 286 2590 1353 2681; baseline 0.002 -22"><span class='ocrx_word' id='word_1_95' title='bbox 286 2590 380 2670; x_wconf 93' lang='lat' dir='ltr'>tulit,</span> <span class='ocrx_word' id='word_1_96' title='bbox 403 2599 443 2658; x_wconf 85' lang='lat' dir='ltr'>ut</span> <span class='ocrx_word' id='word_1_97' title='bbox 461 2591 506 2658; x_wconf 92' lang='lat' dir='ltr'>ad</span> <span class='ocrx_word' id='word_1_98' title='bbox 528 2590 704 2658; x_wconf 89' lang='lat' dir='ltr'>honestos</span> <span class='ocrx_word' id='word_1_99' title='bbox 724 2611 846 2659; x_wconf 89' lang='lat' dir='ltr'>mores</span> <span class='ocrx_word' id='word_1_100' title='bbox 866 2590 1155 2681; x_wconf 82' lang='lat' dir='ltr'>disciplinasque</span> <span class='ocrx_word' id='word_1_101' title='bbox 1179 2592 1353 2661; x_wconf 87' lang='lat' dir='ltr'>formare-</span> 
     </span>
     <span class='ocr_line' id='line_1_16' title="bbox 287 2732 1392 2817; baseline 0.001 -15"><span class='ocrx_word' id='word_1_102' title='bbox 287 2741 358 2802; x_wconf 90' lang='lat' dir='ltr'>tur.</span> <span class='ocrx_word' id='word_1_103' title='bbox 375 2734 457 2802; x_wconf 87' lang='lat' dir='ltr'>Jam</span> <span class='ocrx_word' id='word_1_104' title='bbox 476 2759 491 2797; x_wconf 79' lang='grc' dir='ltr'>α</span> <span class='ocrx_word' id='word_1_105' title='bbox 509 2754 631 2802; x_wconf 90' lang='lat' dir='ltr'>annos</span> <span class='ocrx_word' id='word_1_106' title='bbox 647 2732 832 2802; x_wconf 85' lang='lat' dir='ltr'>sexdecim</span> <span class='ocrx_word' id='word_1_107' title='bbox 848 2733 886 2801; x_wconf 92' lang='lat' dir='ltr'>in</span> <span class='ocrx_word' id='word_1_108' title='bbox 903 2734 1129 2803; x_wconf 89' lang='lat' dir='ltr'>monasterio</span> <span class='ocrx_word' id='word_1_109' title='bbox 1144 2735 1350 2817; x_wconf 89' lang='lat' dir='ltr'>Lerinensi‚</span> <span class='ocrx_word' id='word_1_110' title='bbox 1387 2757 1392 2764; x_wconf 91' lang='lat'><em>·</em></span> 
     </span>
     <span class='ocr_line' id='line_1_17' title="bbox 283 2876 1352 2969; baseline 0.007 -28"><span class='ocrx_word' id='word_1_111' title='bbox 283 2902 304 2951; x_wconf 71' lang='grc' dir='ltr'>,α</span> <span class='ocrx_word' id='word_1_112' title='bbox 326 2898 473 2946; x_wconf 87' lang='lat' dir='ltr'>summa</span> <span class='ocrx_word' id='word_1_113' title='bbox 494 2897 641 2945; x_wconf 90' lang='lat' dir='ltr'>morum</span> <span class='ocrx_word' id='word_1_114' title='bbox 661 2876 870 2964; x_wconf 86' lang='lat' dir='ltr'>integritate</span> <span class='ocrx_word' id='word_1_115' title='bbox 889 2876 1044 2968; x_wconf 83' lang='lat' dir='ltr'>vitaeque</span> <span class='ocrx_word' id='word_1_116' title='bbox 1063 2879 1256 2948; x_wconf 84' lang='lat' dir='ltr'>sanctitate</span> <span class='ocrx_word' id='word_1_117' title='bbox 1271 2901 1352 2969; x_wconf 94' lang='lat' dir='ltr'>pro-</span> 
     </span>
     <span class='ocr_line' id='line_1_18' title="bbox 288 3020 1352 3113; baseline 0.007 -29"><span class='ocrx_word' id='word_1_118' title='bbox 288 3045 304 3084; x_wconf 85' lang='lat'>«</span> <span class='ocrx_word' id='word_1_119' title='bbox 327 3020 396 3111; x_wconf 92' lang='lat' dir='ltr'>prii</span> <span class='ocrx_word' id='word_1_120' title='bbox 434 3021 557 3089; x_wconf 88' lang='lat' dir='ltr'>cordis</span> <span class='ocrx_word' id='word_1_121' title='bbox 594 3041 726 3106; x_wconf 79' lang='lat' dir='ltr'>agrum</span> <span class='ocrx_word' id='word_1_122' title='bbox 765 3029 941 3091; x_wconf 87' lang='lat' dir='ltr'>strenuus</span> <span class='ocrx_word' id='word_1_123' title='bbox 978 3022 1138 3110; x_wconf 86' lang='lat' dir='ltr'>agricola</span> <span class='ocrx_word' id='word_1_124' title='bbox 1178 3031 1352 3113; x_wconf 90' lang='lat' dir='ltr'>perpetuo</span> 
     </span>
    </p>
   </div>
   <div class='ocr_carea' id='block_1_3' title="bbox 793 3115 803 3128">
    <p class='ocr_par' dir='ltr' id='par_1_4' title="bbox 793 3115 803 3128">
     <span class='ocr_line' id='line_1_19' title="bbox 793 3115 803 3128; baseline 0 -4"><span class='ocrx_word' id='word_1_125' title='bbox 793 3115 803 3128; x_wconf 74' lang='grc'>,</span> 
     </span>
    </p>
   </div>
   <div class='ocr_carea' id='block_1_4' title="bbox 287 3163 1352 3257">
    <p class='ocr_par' dir='ltr' id='par_1_5' title="bbox 287 3163 1352 3257">
     <span class='ocr_line' id='line_1_20' title="bbox 287 3163 1352 3257; baseline 0.008 -31"><span class='ocrx_word' id='word_1_126' title='bbox 287 3163 511 3243; x_wconf 86' lang='lat' dir='ltr'>«excolens,</span> <span class='ocrx_word' id='word_1_127' title='bbox 540 3163 675 3232; x_wconf 81' lang='lat' dir='ltr'>divinis</span> <span class='ocrx_word' id='word_1_128' title='bbox 699 3164 777 3254; x_wconf 88' lang='lat' dir='ltr'>jam</span> <span class='ocrx_word' id='word_1_129' title='bbox 807 3164 1056 3256; x_wconf 88' lang='lat' dir='ltr'>humanisque</span> <span class='ocrx_word' id='word_1_130' title='bbox 1089 3167 1255 3257; x_wconf 84' lang='lat' dir='ltr'>apprime</span> <span class='ocrx_word' id='word_1_131' title='bbox 1286 3165 1352 3234; x_wconf 90' lang='lat' dir='ltr'>im-</span> 
     </span>
    </p>
   </div>
   <div class='ocr_carea' id='block_1_5' title="bbox 287 3306 1350 3398">
    <p class='ocr_par' dir='ltr' id='par_1_6' title="bbox 287 3299 1350 3398">
     <span class='ocr_line' id='line_1_21' title="bbox 287 3306 1350 3398; baseline 0.009 -28"><span class='ocrx_word' id='word_1_132' title='bbox 287 3333 303 3370; x_wconf 89' lang='lat'><strong><em>«</em></strong></span> <span class='ocrx_word' id='word_1_133' title='bbox 325 3306 437 3375; x_wconf 92' lang='lat' dir='ltr'>butus</span> <span class='ocrx_word' id='word_1_134' title='bbox 457 3306 664 3396; x_wconf 90' lang='lat' dir='ltr'>disciplinis</span> <span class='ocrx_word' id='word_1_135' title='bbox 686 3332 702 3371; x_wconf 89' lang='lat'>»</span> <span class='ocrx_word' id='word_1_136' title='bbox 725 3309 786 3396; x_wconf 79' lang='grc'>(4),</span> <span class='ocrx_word' id='word_1_137' title='bbox 809 3315 1050 3398; x_wconf 83' lang='lat' dir='ltr'>transegerat,</span> <span class='ocrx_word' id='word_1_138' title='bbox 1072 3332 1156 3380; x_wconf 90' lang='lat' dir='ltr'>cum</span> <span class='ocrx_word' id='word_1_139' title='bbox 1173 3311 1212 3379; x_wconf 96' lang='lat' dir='ltr'>in</span> <span class='ocrx_word' id='word_1_140' title='bbox 1229 3311 1350 3380; x_wconf 90' lang='lat' dir='ltr'>locum</span> 
     </span>
    </p>
   </div>
   <div class='ocr_carea' id='block_1_6' title="bbox 284 3448 1352 3685">
    <p class='ocr_par' dir='ltr' id='par_1_7' title="bbox 284 3448 1352 3685">
     <span class='ocr_line' id='line_1_22' title="bbox 285 3448 1351 3542; baseline 0.006 -25"><span class='ocrx_word' id='word_1_141' title='bbox 285 3450 412 3539; x_wconf 88' lang='lat' dir='ltr'>patris,</span> <span class='ocrx_word' id='word_1_142' title='bbox 442 3448 715 3518; x_wconf 83' lang='lat' dir='ltr'>Avenionensis</span> <span class='ocrx_word' id='word_1_143' title='bbox 748 3451 922 3542; x_wconf 87' lang='lat' dir='ltr'>episcopi,</span> <span class='ocrx_word' id='word_1_144' title='bbox 958 3454 1133 3535; x_wconf 84' lang='lat' dir='ltr'>defuncti,</span> <span class='ocrx_word' id='word_1_145' title='bbox 1160 3455 1351 3523; x_wconf 91' lang='lat' dir='ltr'>communi</span> 
     </span>
     <span class='ocr_line' id='line_1_23' title="bbox 284 3592 1352 3685; baseline 0.007 -25"><span class='ocrx_word' id='word_1_146' title='bbox 284 3592 442 3661; x_wconf 77' lang='lat' dir='ltr'>civitatis</span> <span class='ocrx_word' id='word_1_147' title='bbox 471 3601 566 3674; x_wconf 82' lang='lat' dir='ltr'>roto,</span> <span class='ocrx_word' id='word_1_148' title='bbox 603 3603 791 3663; x_wconf 90' lang='lat' dir='ltr'>annuente</span> <span class='ocrx_word' id='word_1_149' title='bbox 819 3597 1026 3683; x_wconf 82' lang='lat' dir='ltr'>Dagoberto</span> <span class='ocrx_word' id='word_1_150' title='bbox 1054 3618 1150 3685; x_wconf 83' lang='lat' dir='ltr'>rege,</span> <span class='ocrx_word' id='word_1_151' title='bbox 1173 3600 1352 3668; x_wconf 84' lang='lat' dir='ltr'>suffectus</span> 
     </span>
    </p>
   </div>
   <div class='ocr_carea' id='block_1_7' title="bbox 284 3737 1353 3821">
    <p class='ocr_par' dir='ltr' id='par_1_8' title="bbox 284 3737 1353 3821">
     <span class='ocr_line' id='line_1_24' title="bbox 284 3737 1353 3821; baseline 0.008 -18"><span class='ocrx_word' id='word_1_152' title='bbox 284 3744 350 3815; x_wconf 88' lang='lat' dir='ltr'>est,</span> <span class='ocrx_word' id='word_1_153' title='bbox 390 3756 489 3804; x_wconf 88' lang='lat' dir='ltr'>anno</span> <span class='ocrx_word' id='word_1_154' title='bbox 522 3737 624 3806; x_wconf 87' lang='lat' dir='ltr'>DCL.</span> <span class='ocrx_word' id='word_1_155' title='bbox 661 3738 740 3820; x_wconf 85' lang='lat' dir='ltr'>Quo</span> <span class='ocrx_word' id='word_1_156' title='bbox 766 3759 919 3808; x_wconf 88' lang='lat' dir='ltr'>munere</span> <span class='ocrx_word' id='word_1_157' title='bbox 951 3740 999 3809; x_wconf 89' lang='lat' dir='ltr'>ita</span> <span class='ocrx_word' id='word_1_158' title='bbox 1032 3742 1181 3810; x_wconf 89' lang='lat' dir='ltr'>functus</span> <span class='ocrx_word' id='word_1_159' title='bbox 1214 3750 1281 3821; x_wconf 85' lang='lat' dir='ltr'>est,</span> <span class='ocrx_word' id='word_1_160' title='bbox 1311 3751 1353 3812; x_wconf 93' lang='lat' dir='ltr'>ut</span> 
     </span>
    </p>
   </div>
   <div class='ocr_carea' id='block_1_8' title="bbox 315 4029 994 4404">
    <p class='ocr_par' dir='ltr' id='par_1_9' title="bbox 316 4029 994 4294">
     <span class='ocr_line' id='line_1_25' title="bbox 318 4029 994 4108; baseline 0.013 -24"><span class='ocrx_word' id='word_1_161' title='bbox 318 4029 358 4100; x_wconf 94' lang='lat' dir='ltr'>(l)</span> <span class='ocrx_word' id='word_1_162' title='bbox 375 4029 583 4100; x_wconf 73' lang='lat' dir='ltr'>Chronolopio</span> <span class='ocrx_word' id='word_1_163' title='bbox 597 4031 717 4100; x_wconf 68' lang='lat' dir='ltr'>Lerin„</span> <span class='ocrx_word' id='word_1_164' title='bbox 733 4039 753 4090; x_wconf 89' lang='lat' dir='ltr'>t.</span> <span class='ocrx_word' id='word_1_165' title='bbox 770 4034 806 4098; x_wconf 84' lang='lat'>11,</span> <span class='ocrx_word' id='word_1_166' title='bbox 821 4054 850 4108; x_wconf 93' lang='lat' dir='ltr'>p.</span> <span class='ocrx_word' id='word_1_167' title='bbox 867 4034 994 4094; x_wconf 79' lang='lat' dir='ltr'>rao-131.</span> 
     </span>
     <span class='ocr_line' id='line_1_26' title="bbox 319 4127 987 4207; baseline 0.016 -25"><span class='ocrx_word' id='word_1_168' title='bbox 319 4127 357 4199; x_wconf 80' lang='lat'>(2)</span> <span class='ocrx_word' id='word_1_169' title='bbox 374 4128 584 4198; x_wconf 77' lang='lat' dir='ltr'>Chronolopio</span> <span class='ocrx_word' id='word_1_170' title='bbox 598 4130 705 4198; x_wconf 72' lang='lat' dir='ltr'>Leria,</span> <span class='ocrx_word' id='word_1_171' title='bbox 721 4138 740 4186; x_wconf 90' lang='lat' dir='ltr'>t.</span> <span class='ocrx_word' id='word_1_172' title='bbox 760 4133 796 4197; x_wconf 89' lang='lat' dir='ltr'>ll,</span> <span class='ocrx_word' id='word_1_173' title='bbox 814 4152 841 4207; x_wconf 90' lang='lat' dir='ltr'>p.</span> <span class='ocrx_word' id='word_1_174' title='bbox 857 4133 987 4196; x_wconf 79' lang='lat' dir='ltr'>13o13l.</span> 
     </span>
     <span class='ocr_line' id='line_1_27' title="bbox 316 4224 498 4294; baseline 0.011 -15"><span class='ocrx_word' id='word_1_175' title='bbox 316 4224 356 4294; x_wconf 87' lang='grc'>(3)</span> <span class='ocrx_word' id='word_1_176' title='bbox 373 4225 498 4282; x_wconf 90' lang='lat' dir='ltr'>Ibidem.</span> 
     </span>
    </p>

    <p class='ocr_par' dir='ltr' id='par_1_10' title="bbox 315 4323 772 4404">
     <span class='ocr_line' id='line_1_28' title="bbox 315 4323 772 4404; baseline 0.013 -25"><span class='ocrx_word' id='word_1_177' title='bbox 315 4325 357 4396; x_wconf 80' lang='lat' dir='ltr'>(l)</span> <span class='ocrx_word' id='word_1_178' title='bbox 373 4323 460 4389; x_wconf 75' lang='lat' dir='ltr'>llud,</span> <span class='ocrx_word' id='word_1_179' title='bbox 475 4330 494 4380; x_wconf 94' lang='lat' dir='ltr'>t.</span> <span class='ocrx_word' id='word_1_180' title='bbox 514 4324 536 4394; x_wconf 86' lang='lat' dir='ltr'>l,</span> <span class='ocrx_word' id='word_1_181' title='bbox 553 4344 581 4399; x_wconf 94' lang='lat' dir='ltr'>p.</span> <span class='ocrx_word' id='word_1_182' title='bbox 598 4325 648 4382; x_wconf 77' lang='lat'>321</span> <span class='ocrx_word' id='word_1_183' title='bbox 666 4332 772 4404; x_wconf 85' lang='lat' dir='ltr'>etseq.</span> 
     </span>
    </p>
   </div>
   <div class='ocr_carea' id='block_1_9' title="bbox 0 0 1534 4960">
    <p class='ocr_par' dir='ltr' id='par_1_11' title="bbox 0 0 1534 4960">
     <span class='ocr_line' id='line_1_29' title="bbox 0 0 1534 4960; baseline 0 1"><span class='ocrx_word' id='word_1_184' title='bbox 0 0 1534 4960; x_wconf 95' lang='lat' dir='ltr'> </span> 
     </span>
    </p>
   </div>
  </div>
 </body>
</html>
