<?xml version="1.0" encoding="UTF-8"?>
<!DOCTYPE html PUBLIC "-//W3C//DTD XHTML 1.0 Transitional//EN"
    "http://www.w3.org/TR/xhtml1/DTD/xhtml1-transitional.dtd">
<html xmlns="http://www.w3.org/1999/xhtml" xml:lang="en" lang="en">
 <head>
  <title>
</title>
<meta http-equiv="Content-Type" content="text/html;charset=utf-8" />
  <meta name='ocr-system' content='tesseract 3.04.00' />
  <meta name='ocr-capabilities' content='ocr_page ocr_carea ocr_par ocr_line ocrx_word'/>
</head>
<body>
  <div class='ocr_page' id='page_1' title='image "./descholalerinen00lahagoog_0067.png"; bbox 0 0 3058 4960; ppageno 0'>
   <div class='ocr_carea' id='block_1_1' title="bbox 724 512 901 579">
    <p class='ocr_par' dir='ltr' id='par_1_1' title="bbox 724 512 901 579">
     <span class='ocr_line' id='line_1_1' title="bbox 724 512 901 579; baseline -0.011 -17"><span class='ocrx_word' id='word_1_1' title='bbox 724 512 901 579; x_wconf 60' lang='grc'>..46-</span> 
     </span>
    </p>
   </div>
   <div class='ocr_carea' id='block_1_2' title="bbox 170 734 1391 3552">
    <p class='ocr_par' dir='ltr' id='par_1_2' title="bbox 170 734 1391 2550">
     <span class='ocr_line' id='line_1_2' title="bbox 280 734 1344 825; baseline -0.001 -20"><span class='ocrx_word' id='word_1_2' title='bbox 280 745 358 806; x_wconf 86' lang='lat' dir='ltr'>crat</span> <span class='ocrx_word' id='word_1_3' title='bbox 377 757 528 805; x_wconf 72' lang='lat' dir='ltr'>munuS.</span> <span class='ocrx_word' id='word_1_4' title='bbox 547 736 718 805; x_wconf 86' lang='lat' dir='ltr'>Solernne</span> <span class='ocrx_word' id='word_1_5' title='bbox 738 734 837 803; x_wconf 87' lang='lat' dir='ltr'>enirn</span> <span class='ocrx_word' id='word_1_6' title='bbox 858 743 936 803; x_wconf 87' lang='lat' dir='ltr'>erat</span> <span class='ocrx_word' id='word_1_7' title='bbox 956 742 1104 816; x_wconf 89' lang='lat' dir='ltr'>tumea,</span> <span class='ocrx_word' id='word_1_8' title='bbox 1123 743 1201 805; x_wconf 90' lang='lat' dir='ltr'>turn</span> <span class='ocrx_word' id='word_1_9' title='bbox 1217 744 1344 825; x_wconf 84' lang='lat' dir='ltr'>praetc-</span> 
     </span>
     <span class='ocr_line' id='line_1_3' title="bbox 170 877 1345 986; baseline -0.001 -39"><span class='ocrx_word' id='word_1_10' title='bbox 170 892 178 901; x_wconf 74' lang='lat'><strong><em>‘</em></strong></span> <span class='ocrx_word' id='word_1_11' title='bbox 240 973 244 986; x_wconf 33' lang='grc' dir='ltr'><strong><em>Ι</em></strong></span> <span class='ocrx_word' id='word_1_12' title='bbox 282 879 349 947; x_wconf 92' lang='lat' dir='ltr'>rita</span> <span class='ocrx_word' id='word_1_13' title='bbox 384 887 490 948; x_wconf 88' lang='lat' dir='ltr'>aetate</span> <span class='ocrx_word' id='word_1_14' title='bbox 528 879 625 968; x_wconf 90' lang='lat' dir='ltr'>apud</span> <span class='ocrx_word' id='word_1_15' title='bbox 664 878 840 947; x_wconf 79' lang='lat' dir='ltr'>honestas</span> <span class='ocrx_word' id='word_1_16' title='bbox 874 886 1076 958; x_wconf 73' lang='lat' dir='ltr'>matronae,</span> <span class='ocrx_word' id='word_1_17' title='bbox 1117 877 1345 958; x_wconf 85' lang='lat' dir='ltr'>Quintiliano</span> 
     </span>
     <span class='ocr_line' id='line_1_4' title="bbox 281 1021 1345 1112; baseline 0.003 -23"><span class='ocrx_word' id='word_1_18' title='bbox 281 1022 423 1091; x_wconf 87' lang='lat' dir='ltr'>favente</span> <span class='ocrx_word' id='word_1_19' title='bbox 435 1024 496 1111; x_wconf 89' lang='lat' dir='ltr'>(l),</span> <span class='ocrx_word' id='word_1_20' title='bbox 514 1023 560 1092; x_wconf 92' lang='lat' dir='ltr'>ab</span> <span class='ocrx_word' id='word_1_21' title='bbox 576 1023 667 1112; x_wconf 78' lang='lat' dir='ltr'>ipsis</span> <span class='ocrx_word' id='word_1_22' title='bbox 683 1023 800 1112; x_wconf 88' lang='lat' dir='ltr'>prima</span> <span class='ocrx_word' id='word_1_23' title='bbox 820 1022 1024 1090; x_wconf 88' lang='lat' dir='ltr'>litterarum</span> <span class='ocrx_word' id='word_1_24' title='bbox 1042 1021 1247 1091; x_wconf 84' lang='lat' dir='ltr'>rudimenta</span> <span class='ocrx_word' id='word_1_25' title='bbox 1265 1021 1345 1092; x_wconf 83' lang='lat' dir='ltr'>suis</span> 
     </span>
     <span class='ocr_line' id='line_1_5' title="bbox 281 1164 1345 1258; baseline -0.001 -25"><span class='ocrx_word' id='word_1_26' title='bbox 281 1166 406 1234; x_wconf 86' lang='lat' dir='ltr'>liberis</span> <span class='ocrx_word' id='word_1_27' title='bbox 430 1166 548 1236; x_wconf 88' lang='lat' dir='ltr'>tradi:</span> <span class='ocrx_word' id='word_1_28' title='bbox 571 1167 668 1258; x_wconf 87' lang='lat' dir='ltr'>quod</span> <span class='ocrx_word' id='word_1_29' title='bbox 689 1189 731 1236; x_wconf 88' lang='lat' dir='ltr'>co</span> <span class='ocrx_word' id='word_1_30' title='bbox 754 1176 917 1256; x_wconf 82' lang='lat' dir='ltr'>ternpore</span> <span class='ocrx_word' id='word_1_31' title='bbox 940 1166 985 1235; x_wconf 87' lang='lat' dir='ltr'>de</span> <span class='ocrx_word' id='word_1_32' title='bbox 1004 1174 1132 1235; x_wconf 84' lang='lat' dir='ltr'>sancto</span> <span class='ocrx_word' id='word_1_33' title='bbox 1153 1164 1345 1253; x_wconf 84' lang='lat' dir='ltr'>Fulgentio</span> 
     </span>
     <span class='ocr_line' id='line_1_6' title="bbox 282 1310 1345 1402; baseline 0.001 -25"><span class='ocrx_word' id='word_1_34' title='bbox 282 1310 465 1379; x_wconf 84' lang='lat' dir='ltr'>refertur:</span> <span class='ocrx_word' id='word_1_35' title='bbox 495 1311 752 1380; x_wconf 84' lang='lat' dir='ltr'>«Litterarum</span> <span class='ocrx_word' id='word_1_36' title='bbox 774 1313 927 1402; x_wconf 81' lang='lat' dir='ltr'>proinde</span> <span class='ocrx_word' id='word_1_37' title='bbox 951 1331 1157 1398; x_wconf 83' lang='lat' dir='ltr'>graecarum</span> <span class='ocrx_word' id='word_1_38' title='bbox 1179 1319 1345 1401; x_wconf 85' lang='lat' dir='ltr'>percepta</span> 
     </span>
     <span class='ocr_line' id='line_1_7' title="bbox 283 1453 1345 1545; baseline 0.004 -29"><span class='ocrx_word' id='word_1_39' title='bbox 283 1478 298 1515; x_wconf 77' lang='grc' dir='ltr'>α</span> <span class='ocrx_word' id='word_1_40' title='bbox 321 1453 487 1533; x_wconf 87' lang='lat' dir='ltr'>scientia,</span> <span class='ocrx_word' id='word_1_41' title='bbox 524 1453 650 1523; x_wconf 87' lang='lat' dir='ltr'>latinis</span> <span class='ocrx_word' id='word_1_42' title='bbox 684 1454 815 1524; x_wconf 87' lang='lat' dir='ltr'>litteris</span> <span class='ocrx_word' id='word_1_43' title='bbox 853 1494 898 1505; x_wconf 94' lang='lat'><em>-</em></span> <span class='ocrx_word' id='word_1_44' title='bbox 937 1476 1031 1545; x_wconf 85' lang='lat' dir='ltr'>quas</span> <span class='ocrx_word' id='word_1_45' title='bbox 1064 1453 1234 1541; x_wconf 74' lang='lat' dir='ltr'>magistri</span> <span class='ocrx_word' id='word_1_46' title='bbox 1268 1453 1345 1522; x_wconf 92' lang='lat' dir='ltr'>ludi</span> 
     </span>
     <span class='ocr_line' id='line_1_8' title="bbox 282 1595 1345 1667; baseline 0.005 -7"><span class='ocrx_word' id='word_1_47' title='bbox 282 1623 298 1660; x_wconf 78' lang='lat' dir='ltr'>a</span> <span class='ocrx_word' id='word_1_48' title='bbox 321 1596 449 1665; x_wconf 90' lang='lat' dir='ltr'>docere</span> <span class='ocrx_word' id='word_1_49' title='bbox 479 1606 752 1666; x_wconf 76' lang='lat' dir='ltr'>consueverunt</span> <span class='ocrx_word' id='word_1_50' title='bbox 791 1637 836 1648; x_wconf 95' lang='lat'>-</span> <span class='ocrx_word' id='word_1_51' title='bbox 874 1598 912 1667; x_wconf 95' lang='lat' dir='ltr'>in</span> <span class='ocrx_word' id='word_1_52' title='bbox 947 1598 1056 1667; x_wconf 88' lang='lat' dir='ltr'>dorno</span> <span class='ocrx_word' id='word_1_53' title='bbox 1084 1598 1234 1666; x_wconf 81' lang='lat' dir='ltr'>edoctus</span> <span class='ocrx_word' id='word_1_54' title='bbox 1255 1595 1345 1665; x_wconf 87' lang='lat' dir='ltr'>artis</span> 
     </span>
     <span class='ocr_line' id='line_1_9' title="bbox 282 1739 1346 1830; baseline 0.007 -28"><span class='ocrx_word' id='word_1_55' title='bbox 282 1740 586 1826; x_wconf 84' lang='lat' dir='ltr'>«grammaticae,</span> <span class='ocrx_word' id='word_1_56' title='bbox 625 1741 781 1810; x_wconf 90' lang='lat' dir='ltr'>traditur</span> <span class='ocrx_word' id='word_1_57' title='bbox 814 1741 1039 1811; x_wconf 84' lang='lat' dir='ltr'>auditorio»</span> <span class='ocrx_word' id='word_1_58' title='bbox 1069 1744 1130 1830; x_wconf 78' lang='lat'>(2).</span> <span class='ocrx_word' id='word_1_59' title='bbox 1166 1741 1270 1821; x_wconf 85' lang='lat' dir='ltr'>Quod</span> <span class='ocrx_word' id='word_1_60' title='bbox 1302 1739 1346 1808; x_wconf 87' lang='lat' dir='ltr'>de</span> 
     </span>
     <span class='ocr_line' id='line_1_10' title="bbox 280 1880 1349 1975; baseline 0.004 -27"><span class='ocrx_word' id='word_1_61' title='bbox 280 1880 366 1950; x_wconf 84' lang='lat' dir='ltr'>liliis</span> <span class='ocrx_word' id='word_1_62' title='bbox 404 1880 574 1951; x_wconf 79' lang='lat' dir='ltr'>Eucherii</span> <span class='ocrx_word' id='word_1_63' title='bbox 610 1904 736 1952; x_wconf 87' lang='lat' dir='ltr'>verum</span> <span class='ocrx_word' id='word_1_64' title='bbox 776 1883 948 1953; x_wconf 77' lang='lat' dir='ltr'>facillime</span> <span class='ocrx_word' id='word_1_65' title='bbox 985 1885 1133 1971; x_wconf 85' lang='lat' dir='ltr'>eltinge,</span> <span class='ocrx_word' id='word_1_66' title='bbox 1172 1883 1235 1975; x_wconf 90' lang='lat' dir='ltr'>qui</span> <span class='ocrx_word' id='word_1_67' title='bbox 1267 1883 1349 1974; x_wconf 42' lang='lat' dir='ltr'>jam,</span> 
     </span>
     <span class='ocr_line' id='line_1_11' title="bbox 280 2024 1391 2126; baseline 0.003 -34"><span class='ocrx_word' id='word_1_68' title='bbox 280 2024 498 2111; x_wconf 76' lang='lat' dir='ltr'>grandiores</span> <span class='ocrx_word' id='word_1_69' title='bbox 521 2035 680 2096; x_wconf 88' lang='lat' dir='ltr'>amatre</span> <span class='ocrx_word' id='word_1_70' title='bbox 707 2049 774 2096; x_wconf 74' lang='lat' dir='ltr'>sua</span> <span class='ocrx_word' id='word_1_71' title='bbox 795 2028 899 2098; x_wconf 86' lang='lat' dir='ltr'>Galla</span> <span class='ocrx_word' id='word_1_72' title='bbox 920 2027 1186 2097; x_wconf 84' lang='lat' dir='ltr'>Lerinensibus</span> <span class='ocrx_word' id='word_1_73' title='bbox 1211 2027 1345 2115; x_wconf 83' lang='lat' dir='ltr'>magis·</span> <span class='ocrx_word' id='word_1_74' title='bbox 1386 2119 1391 2126; x_wconf 22' lang='grc' dir='ltr'><strong><em>Ι</em></strong></span> 
     </span>
     <span class='ocr_line' id='line_1_12' title="bbox 280 2167 1346 2261; baseline 0.006 -27"><span class='ocrx_word' id='word_1_75' title='bbox 280 2167 348 2236; x_wconf 83' lang='lat' dir='ltr'>tris</span> <span class='ocrx_word' id='word_1_76' title='bbox 369 2169 608 2239; x_wconf 72' lang='lat' dir='ltr'>tradebantur</span> <span class='ocrx_word' id='word_1_77' title='bbox 621 2171 795 2241; x_wconf 89' lang='lat' dir='ltr'>edocendi</span> <span class='ocrx_word' id='word_1_78' title='bbox 812 2175 873 2261; x_wconf 87' lang='lat'><strong>(3).</strong></span> <span class='ocrx_word' id='word_1_79' title='bbox 895 2175 970 2241; x_wconf 88' lang='lat' dir='ltr'>Nec</span> <span class='ocrx_word' id='word_1_80' title='bbox 985 2171 1090 2241; x_wconf 90' lang='lat' dir='ltr'>aliter</span> <span class='ocrx_word' id='word_1_81' title='bbox 1103 2211 1148 2221; x_wconf 94' lang='lat'>—</span> <span class='ocrx_word' id='word_1_82' title='bbox 1162 2181 1202 2240; x_wconf 94' lang='lat' dir='ltr'>ut</span> <span class='ocrx_word' id='word_1_83' title='bbox 1221 2171 1346 2261; x_wconf 86' lang='lat' dir='ltr'>plures</span> 
     </span>
     <span class='ocr_line' id='line_1_13' title="bbox 281 2312 1345 2405; baseline 0.001 -25"><span class='ocrx_word' id='word_1_84' title='bbox 281 2312 496 2383; x_wconf 84' lang='lat' dir='ltr'>omittamus</span> <span class='ocrx_word' id='word_1_85' title='bbox 515 2355 558 2364; x_wconf 98' lang='lat'>—</span> <span class='ocrx_word' id='word_1_86' title='bbox 578 2315 813 2384; x_wconf 82' lang='lat' dir='ltr'>sentiendum</span> <span class='ocrx_word' id='word_1_87' title='bbox 842 2316 885 2385; x_wconf 92' lang='lat' dir='ltr'>de</span> <span class='ocrx_word' id='word_1_88' title='bbox 904 2315 1089 2403; x_wconf 80' lang='lat' dir='ltr'>Agricola,</span> <span class='ocrx_word' id='word_1_89' title='bbox 1111 2314 1174 2405; x_wconf 88' lang='lat' dir='ltr'>qui</span> <span class='ocrx_word' id='word_1_90' title='bbox 1196 2313 1345 2383; x_wconf 86' lang='lat' dir='ltr'>nobilis-</span> 
     </span>
     <span class='ocr_line' id='line_1_14' title="bbox 281 2457 1345 2550; baseline 0.002 -25"><span class='ocrx_word' id='word_1_91' title='bbox 281 2457 375 2526; x_wconf 84' lang='lat' dir='ltr'>sirna</span> <span class='ocrx_word' id='word_1_92' title='bbox 396 2459 535 2528; x_wconf 86' lang='lat' dir='ltr'>farnilia</span> <span class='ocrx_word' id='word_1_93' title='bbox 563 2468 679 2541; x_wconf 75' lang='lat' dir='ltr'>ortus,</span> <span class='ocrx_word' id='word_1_94' title='bbox 708 2482 793 2530; x_wconf 90' lang='lat' dir='ltr'>curn</span> <span class='ocrx_word' id='word_1_95' title='bbox 817 2461 894 2550; x_wconf 89' lang='lat' dir='ltr'>jam</span> <span class='ocrx_word' id='word_1_96' title='bbox 915 2481 1101 2528; x_wconf 89' lang='lat' dir='ltr'>annorum</span> <span class='ocrx_word' id='word_1_97' title='bbox 1128 2468 1225 2528; x_wconf 82' lang='lat' dir='ltr'>esset</span> <span class='ocrx_word' id='word_1_98' title='bbox 1258 2480 1345 2550; x_wconf 88' lang='lat' dir='ltr'>qua-</span> 
     </span>
    </p>

    <p class='ocr_par' dir='ltr' id='par_1_3' title="bbox 279 2602 1345 3552">
     <span class='ocr_line' id='line_1_15' title="bbox 281 2602 1345 2683; baseline -0.003 -9"><span class='ocrx_word' id='word_1_99' title='bbox 281 2613 363 2674; x_wconf 90' lang='lat' dir='ltr'>tuor</span> <span class='ocrx_word' id='word_1_100' title='bbox 400 2602 530 2683; x_wconf 85' lang='lat' dir='ltr'>decim,</span> <span class='ocrx_word' id='word_1_101' title='bbox 567 2603 666 2673; x_wconf 82' lang='lat' dir='ltr'>lraud</span> <span class='ocrx_word' id='word_1_102' title='bbox 704 2604 858 2673; x_wconf 85' lang='lat' dir='ltr'>omnino</span> <span class='ocrx_word' id='word_1_103' title='bbox 896 2603 1067 2672; x_wconf 84' lang='lat' dir='ltr'>indoctus</span> <span class='ocrx_word' id='word_1_104' title='bbox 1105 2603 1345 2672; x_wconf 75' lang='lat' dir='ltr'>Lei-inensem</span> 
     </span>
     <span class='ocr_line' id='line_1_16' title="bbox 280 2744 1345 2839; baseline -0.002 -22"><span class='ocrx_word' id='word_1_105' title='bbox 280 2744 446 2817; x_wconf 84' lang='lat' dir='ltr'>scholam</span> <span class='ocrx_word' id='word_1_106' title='bbox 463 2747 552 2816; x_wconf 91' lang='lat' dir='ltr'>adiit</span> <span class='ocrx_word' id='word_1_107' title='bbox 574 2771 581 2815; x_wconf 93' lang='lat'>:</span> <span class='ocrx_word' id='word_1_108' title='bbox 607 2747 667 2839; x_wconf 88' lang='lat' dir='ltr'>qui</span> <span class='ocrx_word' id='word_1_109' title='bbox 692 2768 822 2816; x_wconf 79' lang='lat' dir='ltr'>ornnes</span> <span class='ocrx_word' id='word_1_110' title='bbox 843 2747 938 2816; x_wconf 89' lang='lat' dir='ltr'>inter</span> <span class='ocrx_word' id='word_1_111' title='bbox 958 2747 1168 2816; x_wconf 82' lang='lat' dir='ltr'>educandos</span> <span class='ocrx_word' id='word_1_112' title='bbox 1184 2747 1345 2838; x_wconf 85' lang='lat' dir='ltr'>aliquem</span> 
     </span>
     <span class='ocr_line' id='line_1_17' title="bbox 279 2889 1345 2980; baseline 0 -22"><span class='ocrx_word' id='word_1_113' title='bbox 279 2891 435 2978; x_wconf 84' lang='lat' dir='ltr'>gradum</span> <span class='ocrx_word' id='word_1_114' title='bbox 457 2890 684 2979; x_wconf 80' lang='lat' dir='ltr'>superiorem</span> <span class='ocrx_word' id='word_1_115' title='bbox 706 2889 933 2969; x_wconf 91' lang='lat' dir='ltr'>obtinebant,</span> <span class='ocrx_word' id='word_1_116' title='bbox 961 2889 1240 2980; x_wconf 81' lang='lat' dir='ltr'>doctrinamque</span> <span class='ocrx_word' id='word_1_117' title='bbox 1261 2889 1345 2958; x_wconf 91' lang='lat' dir='ltr'>ube-</span> 
     </span>
     <span class='ocr_line' id='line_1_18' title="bbox 280 3033 1345 3125; baseline 0 -23"><span class='ocrx_word' id='word_1_118' title='bbox 280 3034 414 3104; x_wconf 89' lang='lat' dir='ltr'>riorern</span> <span class='ocrx_word' id='word_1_119' title='bbox 435 3034 768 3125; x_wconf 83' lang='lat' dir='ltr'>consequebantur.</span> <span class='ocrx_word' id='word_1_120' title='bbox 796 3035 874 3102; x_wconf 86' lang='lat' dir='ltr'>Hos</span> <span class='ocrx_word' id='word_1_121' title='bbox 896 3036 1018 3102; x_wconf 84' lang='lat' dir='ltr'>varios</span> <span class='ocrx_word' id='word_1_122' title='bbox 1043 3033 1254 3102; x_wconf 80' lang='lat' dir='ltr'>inscientia</span> <span class='ocrx_word' id='word_1_123' title='bbox 1279 3033 1345 3102; x_wconf 90' lang='lat' dir='ltr'>irn-</span> 
     </span>
     <span class='ocr_line' id='line_1_19' title="bbox 280 3175 1344 3266; baseline 0.001 -24"><span class='ocrx_word' id='word_1_124' title='bbox 280 3175 466 3265; x_wconf 85' lang='lat' dir='ltr'>pertienda</span> <span class='ocrx_word' id='word_1_125' title='bbox 488 3175 626 3262; x_wconf 80' lang='lat' dir='ltr'>gradus</span> <span class='ocrx_word' id='word_1_126' title='bbox 652 3185 779 3244; x_wconf 89' lang='lat' dir='ltr'>notare</span> <span class='ocrx_word' id='word_1_127' title='bbox 801 3175 944 3244; x_wconf 87' lang='lat' dir='ltr'>videtur</span> <span class='ocrx_word' id='word_1_128' title='bbox 968 3175 1186 3255; x_wconf 81' lang='lat' dir='ltr'>Eucherius,</span> <span class='ocrx_word' id='word_1_129' title='bbox 1216 3175 1278 3266; x_wconf 87' lang='lat' dir='ltr'>qui</span> <span class='ocrx_word' id='word_1_130' title='bbox 1299 3175 1344 3243; x_wconf 86' lang='lat' dir='ltr'>ad</span> 
     </span>
     <span class='ocr_line' id='line_1_20' title="bbox 279 3316 1344 3402; baseline -0.003 -15"><span class='ocrx_word' id='word_1_131' title='bbox 279 3320 472 3388; x_wconf 84' lang='lat' dir='ltr'>Salonium</span> <span class='ocrx_word' id='word_1_132' title='bbox 493 3341 604 3389; x_wconf 80' lang='lat' dir='ltr'>suurn</span> <span class='ocrx_word' id='word_1_133' title='bbox 627 3319 807 3399; x_wconf 74' lang='lat' dir='ltr'>scribone,</span> <span class='ocrx_word' id='word_1_134' title='bbox 829 3341 913 3388; x_wconf 87' lang='lat' dir='ltr'>eurn</span> <span class='ocrx_word' id='word_1_135' title='bbox 934 3328 1113 3402; x_wconf 87' lang='lat' dir='ltr'>memorat</span> <span class='ocrx_word' id='word_1_136' title='bbox 1136 3320 1182 3387; x_wconf 92' lang='lat' dir='ltr'>ab</span> <span class='ocrx_word' id='word_1_137' title='bbox 1203 3316 1344 3388; x_wconf 89' lang='lat' dir='ltr'>Hilario</span> 
     </span>
     <span class='ocr_line' id='line_1_21' title="bbox 280 3461 1343 3552; baseline 0.002 -26"><span class='ocrx_word' id='word_1_138' title='bbox 280 3462 440 3552; x_wconf 79' lang='lat' dir='ltr'>primunr</span> <span class='ocrx_word' id='word_1_139' title='bbox 457 3463 638 3545; x_wconf 89' lang='lat' dir='ltr'>edocturn,</span> <span class='ocrx_word' id='word_1_140' title='bbox 660 3472 952 3533; x_wconf 73' lang='lat' dir='ltr'>consarcinatum</span> <span class='ocrx_word' id='word_1_141' title='bbox 972 3483 1057 3530; x_wconf 86' lang='lat' dir='ltr'>vero</span> <span class='ocrx_word' id='word_1_142' title='bbox 1072 3461 1203 3531; x_wconf 90' lang='lat' dir='ltr'>deinde</span> <span class='ocrx_word' id='word_1_143' title='bbox 1218 3483 1237 3529; x_wconf 89' lang='lat' dir='ltr'>a</span> <span class='ocrx_word' id='word_1_144' title='bbox 1254 3461 1343 3528; x_wconf 84' lang='lat' dir='ltr'>Vin·</span> 
     </span>
    </p>
   </div>
   <div class='ocr_carea' id='block_1_3' title="bbox 238 3609 724 3699">
    <p class='ocr_par' dir='ltr' id='par_1_4' title="bbox 238 3609 724 3699">
     <span class='ocr_line' id='line_1_22' title="bbox 238 3609 724 3699; baseline -0.002 -21"><span class='ocrx_word' id='word_1_145' title='bbox 238 3673 240 3678; x_wconf 89' lang='lat'><em>.</em></span> <span class='ocrx_word' id='word_1_146' title='bbox 279 3609 447 3678; x_wconf 83' lang='lat' dir='ltr'>conticet</span> <span class='ocrx_word' id='word_1_147' title='bbox 468 3610 641 3678; x_wconf 86' lang='lat' dir='ltr'>Salviano</span> <span class='ocrx_word' id='word_1_148' title='bbox 663 3612 724 3699; x_wconf 76' lang='lat' dir='ltr'>(l).</span> 
     </span>
    </p>
   </div>
   <div class='ocr_carea' id='block_1_4' title="bbox 279 3857 1343 4500">
    <p class='ocr_par' dir='ltr' id='par_1_5' title="bbox 280 3857 1343 4028">
     <span class='ocr_line' id='line_1_23' title="bbox 313 3857 1343 3930; baseline -0.001 -17"><span class='ocrx_word' id='word_1_149' title='bbox 313 3859 353 3926; x_wconf 88' lang='lat' dir='ltr'>(l)</span> <span class='ocrx_word' id='word_1_150' title='bbox 369 3860 411 3914; x_wconf 85' lang='lat' dir='ltr'>De</span> <span class='ocrx_word' id='word_1_151' title='bbox 430 3860 560 3914; x_wconf 79' lang='lat' dir='ltr'>lnstitut.</span> <span class='ocrx_word' id='word_1_152' title='bbox 579 3865 653 3916; x_wconf 91' lang='lat' dir='ltr'>orat.</span> <span class='ocrx_word' id='word_1_153' title='bbox 672 3860 693 3923; x_wconf 84' lang='lat' dir='ltr'>l,</span> <span class='ocrx_word' id='word_1_154' title='bbox 709 3860 735 3914; x_wconf 83' lang='lat'>6.</span> <span class='ocrx_word' id='word_1_155' title='bbox 760 3859 844 3914; x_wconf 79' lang='lat' dir='ltr'>ctu.</span> <span class='ocrx_word' id='word_1_156' title='bbox 863 3857 974 3914; x_wconf 89' lang='lat' dir='ltr'>lullien</span> <span class='ocrx_word' id='word_1_157' title='bbox 994 3874 999 3913; x_wconf 89' lang='lat'>:</span> <span class='ocrx_word' id='word_1_158' title='bbox 1017 3861 1073 3914; x_wconf 83' lang='lat' dir='ltr'>Les</span> <span class='ocrx_word' id='word_1_159' title='bbox 1086 3863 1291 3930; x_wconf 67' lang='lat' dir='ltr'>proferretur</span> <span class='ocrx_word' id='word_1_160' title='bbox 1307 3861 1343 3913; x_wconf 82' lang='lat' dir='ltr'>cte</span> 
     </span>
     <span class='ocr_line' id='line_1_24' title="bbox 280 3954 1200 4028; baseline -0.004 -16"><span class='ocrx_word' id='word_1_161' title='bbox 280 3956 459 4012; x_wconf 66' lang='lat' dir='ltr'>litterature</span> <span class='ocrx_word' id='word_1_162' title='bbox 472 3961 553 4012; x_wconf 79' lang='lat' dir='ltr'>dans</span> <span class='ocrx_word' id='word_1_163' title='bbox 569 3956 746 4012; x_wconf 81' lang='lat' dir='ltr'>t&#39;oneieune</span> <span class='ocrx_word' id='word_1_164' title='bbox 762 3958 868 4011; x_wconf 82' lang='lat' dir='ltr'>Reme.</span> <span class='ocrx_word' id='word_1_165' title='bbox 884 3955 982 4022; x_wconf 73' lang='lat' dir='ltr'>Paria,</span> <span class='ocrx_word' id='word_1_166' title='bbox 997 3954 1076 4022; x_wconf 82' lang='lat'>1885,</span> <span class='ocrx_word' id='word_1_167' title='bbox 1095 3973 1123 4028; x_wconf 83' lang='lat' dir='ltr'>p.</span> <span class='ocrx_word' id='word_1_168' title='bbox 1139 3954 1200 4010; x_wconf 84' lang='lat'>150.</span> 
     </span>
    </p>

    <p class='ocr_par' dir='ltr' id='par_1_6' title="bbox 314 4052 1194 4124">
     <span class='ocr_line' id='line_1_25' title="bbox 314 4052 1194 4124; baseline -0.002 -16"><span class='ocrx_word' id='word_1_169' title='bbox 314 4055 353 4124; x_wconf 70' lang='lat'>(2)</span> <span class='ocrx_word' id='word_1_170' title='bbox 374 4054 442 4110; x_wconf 81' lang='lat' dir='ltr'>Vita</span> <span class='ocrx_word' id='word_1_171' title='bbox 455 4054 492 4108; x_wconf 77' lang='lat' dir='ltr'>Sti</span> <span class='ocrx_word' id='word_1_172' title='bbox 506 4053 679 4122; x_wconf 64' lang='lat' dir='ltr'>Fzrtqenttt.</span> <span class='ocrx_word' id='word_1_173' title='bbox 699 4052 811 4108; x_wconf 85' lang='lat' dir='ltr'>Patrol.</span> <span class='ocrx_word' id='word_1_174' title='bbox 830 4052 892 4120; x_wconf 78' lang='lat' dir='ltr'>lat,</span> <span class='ocrx_word' id='word_1_175' title='bbox 912 4059 929 4107; x_wconf 94' lang='lat' dir='ltr'>t.</span> <span class='ocrx_word' id='word_1_176' title='bbox 948 4053 1039 4120; x_wconf 86' lang='lat' dir='ltr'>LXV,</span> <span class='ocrx_word' id='word_1_177' title='bbox 1057 4052 1114 4108; x_wconf 93' lang='lat' dir='ltr'>eol.</span> <span class='ocrx_word' id='word_1_178' title='bbox 1132 4052 1194 4107; x_wconf 76' lang='lat' dir='ltr'>tttt.</span> 
     </span>
    </p>

    <p class='ocr_par' dir='ltr' id='par_1_7' title="bbox 279 4149 1343 4324">
     <span class='ocr_line' id='line_1_26' title="bbox 313 4149 1343 4225; baseline 0 -19"><span class='ocrx_word' id='word_1_179' title='bbox 313 4153 354 4222; x_wconf 82' lang='lat'>(3)</span> <span class='ocrx_word' id='word_1_180' title='bbox 383 4153 423 4207; x_wconf 86' lang='lat' dir='ltr'>Ea</span> <span class='ocrx_word' id='word_1_181' title='bbox 450 4152 487 4208; x_wconf 93' lang='lat' dir='ltr'>de</span> <span class='ocrx_word' id='word_1_182' title='bbox 514 4170 546 4206; x_wconf 85' lang='lat' dir='ltr'>re</span> <span class='ocrx_word' id='word_1_183' title='bbox 576 4151 620 4206; x_wconf 85' lang='lat' dir='ltr'>Cf.</span> <span class='ocrx_word' id='word_1_184' title='bbox 647 4151 807 4206; x_wconf 82' lang='lat' dir='ltr'>Sidonium</span> <span class='ocrx_word' id='word_1_185' title='bbox 829 4151 1050 4225; x_wconf 80' lang='lat' dir='ltr'>Apollinarem,</span> <span class='ocrx_word' id='word_1_186' title='bbox 1076 4151 1122 4206; x_wconf 85' lang='lat' dir='ltr'>vel</span> <span class='ocrx_word' id='word_1_187' title='bbox 1151 4169 1220 4222; x_wconf 81' lang='lat' dir='ltr'>quoe</span> <span class='ocrx_word' id='word_1_188' title='bbox 1243 4149 1281 4205; x_wconf 93' lang='lat' dir='ltr'>de</span> <span class='ocrx_word' id='word_1_189' title='bbox 1308 4167 1343 4206; x_wconf 86' lang='lat' dir='ltr'>co</span> 
     </span>
     <span class='ocr_line' id='line_1_27' title="bbox 279 4249 1056 4324; baseline 0 -20"><span class='ocrx_word' id='word_1_190' title='bbox 279 4251 402 4324; x_wconf 69' lang='lat' dir='ltr'>sculpsit</span> <span class='ocrx_word' id='word_1_191' title='bbox 418 4250 524 4316; x_wconf 72' lang='lat' dir='ltr'>cuein,</span> <span class='ocrx_word' id='word_1_192' title='bbox 542 4253 571 4304; x_wconf 82' lang='lat' dir='ltr'>S.</span> <span class='ocrx_word' id='word_1_193' title='bbox 589 4249 740 4306; x_wconf 75' lang='lat' dir='ltr'>Sldonius</span> <span class='ocrx_word' id='word_1_194' title='bbox 756 4251 857 4321; x_wconf 72' lang='lat' dir='ltr'>Apol,</span> <span class='ocrx_word' id='word_1_195' title='bbox 876 4255 894 4304; x_wconf 90' lang='lat' dir='ltr'>t.</span> <span class='ocrx_word' id='word_1_196' title='bbox 915 4250 936 4313; x_wconf 89' lang='lat' dir='ltr'>l,</span> <span class='ocrx_word' id='word_1_197' title='bbox 949 4269 977 4322; x_wconf 86' lang='lat' dir='ltr'>p.</span> <span class='ocrx_word' id='word_1_198' title='bbox 994 4250 1056 4304; x_wconf 72' lang='lat'><strong>336.</strong></span> 
     </span>
    </p>

    <p class='ocr_par' dir='ltr' id='par_1_8' title="bbox 279 4347 1342 4500">
     <span class='ocr_line' id='line_1_28' title="bbox 316 4347 1342 4428; baseline 0.001 -26"><span class='ocrx_word' id='word_1_199' title='bbox 316 4348 355 4419; x_wconf 77' lang='lat' dir='ltr'>(l)</span> <span class='ocrx_word' id='word_1_200' title='bbox 377 4347 588 4428; x_wconf 66' lang='lat' dir='ltr'>taunucum,</span> <span class='ocrx_word' id='word_1_201' title='bbox 615 4347 666 4404; x_wconf 89' lang='lat' dir='ltr'>lib.</span> <span class='ocrx_word' id='word_1_202' title='bbox 693 4347 729 4403; x_wconf 86' lang='lat' dir='ltr'>ad</span> <span class='ocrx_word' id='word_1_203' title='bbox 754 4347 858 4403; x_wconf 88' lang='lat' dir='ltr'>Salen.</span> <span class='ocrx_word' id='word_1_204' title='bbox 882 4348 1002 4417; x_wconf 67' lang='lat' dir='ltr'>Protea.</span> <span class='ocrx_word' id='word_1_205' title='bbox 1028 4349 1141 4404; x_wconf 86' lang='lat' dir='ltr'>Patrol.</span> <span class='ocrx_word' id='word_1_206' title='bbox 1167 4347 1229 4411; x_wconf 80' lang='lat' dir='ltr'>lat,</span> <span class='ocrx_word' id='word_1_207' title='bbox 1259 4356 1277 4401; x_wconf 90' lang='lat' dir='ltr'>t.</span> <span class='ocrx_word' id='word_1_208' title='bbox 1310 4347 1342 4404; x_wconf 83' lang='lat' dir='ltr'>L.</span> 
     </span>
     <span class='ocr_line' id='line_1_29' title="bbox 279 4445 412 4500; baseline 0.015 -2"><span class='ocrx_word' id='word_1_209' title='bbox 279 4445 335 4500; x_wconf 78' lang='lat' dir='ltr'>rol.</span> <span class='ocrx_word' id='word_1_210' title='bbox 353 4445 412 4500; x_wconf 74' lang='grc'><strong>773.</strong></span> 
     </span>
    </p>
   </div>
   <div class='ocr_carea' id='block_1_5' title="bbox 0 0 1534 4960">
    <p class='ocr_par' dir='ltr' id='par_1_9' title="bbox 0 0 1534 4960">
     <span class='ocr_line' id='line_1_30' title="bbox 0 0 1534 4960; baseline 0 0"><span class='ocrx_word' id='word_1_211' title='bbox 0 0 1534 4960; x_wconf 95' lang='lat' dir='ltr'> </span> 
     </span>
    </p>
   </div>
  </div>
 </body>
</html>
