3072 4956
749 499 928 571 ..72-

302 731 431 792 auctor
450 722 614 794 incertus
629 723 807 794 carminis
834 727 932 816 quod
959 726 1004 796 de
1033 729 1272 798 Providentia
1294 727 1371 796 ins·

302 867 456 938 cribitur
478 892 485 938 :
508 869 682 938 Orosium
699 872 746 959 (1)
767 869 934 960 aliosque
953 869 1152 960 scriptores
1172 870 1371 940 historicos

302 1033 347 1082 ex
366 1014 537 1082 consulto
562 1013 793 1104 praetermisi.
819 1015 945 1105 Neque
965 1036 984 1083 a
1001 1014 1273 1085 calamitatibus
1293 1035 1370 1084 ces-

302 1166 425 1227 satum
459 1167 527 1239 est,
563 1179 648 1227 cum
677 1158 739 1227 alii
770 1167 853 1248 post
875 1157 969 1228 alios
997 1159 1181 1230 irruentes
1214 1157 1370 1228 Barbari

302 1301 461 1371 Galliam
499 1302 615 1371 armis
653 1300 723 1372 sibi
756 1301 999 1382 vindicarent,
1039 1301 1157 1371 donec
1194 1301 1367 1382 EuricuS,

302 1411 508 1515 Gothorum
541 1467 618 1525 reu,
653 1445 835 1514 immissis
863 1444 902 1514 in
932 1445 1210 1515 meridionalem
1240 1445 1370 1515 Galliae

302 1599 443 1679 partem
464 1589 609 1670 turmis,
636 1611 699 1659 eas
732 1589 960 1659 calamitates
989 1589 1173 1679 produxit,
1208 1609 1368 1680 quarum

302 1731 472 1801 meminit
491 1731 668 1800 Sidonius
689 1734 750 1819 (2).
777 1731 872 1811 Quid
893 1731 1097 1800 litterarum
1123 1729 1246 1799 studio
1271 1730 1368 1817 cogi-

302 1872 516 1966 taripotest
536 1874 737 1943 infestius?
770 1873 864 1953 Quid
894 1874 1044 1954 mirum,
1071 1874 1102 1941 si
1123 1872 1169 1941 ad
1194 1872 1368 1941 Lerinen-

303 2041 381 2090 sem
401 2019 578 2099 insulam,
607 2027 648 2087 ut
667 2017 706 2087 in
727 2025 874 2108 portum
896 2016 1176 2107 tempestatibus
1204 2017 1365 2085 inacces-

301 2181 400 2244 sum,
444 2162 586 2231 amicos
629 2161 784 2230 vocabat
827 2159 1063 2229 Eucherius?
1108 2186 1125 2223 a
1164 2159 1369 2228 Circumfer

304 2335 320 2374 a
342 2307 470 2378 oculos
496 2315 530 2375 et
556 2301 600 2375 de
627 2305 755 2395 pelago
777 2303 1008 2392 negotiorum
1037 2312 1184 2372 tuorum
1210 2302 1309 2372 velut
1328 2301 1367 2370 in

303 2479 319 2518 a
340 2450 537 2543 quemdam
572 2447 815 2539 professionis
849 2455 985 2516 nostrae
1018 2454 1165 2536 portum
1200 2444 1368 2535 prospice

304 2615 564 2686 «proramque
599 2600 782 2662 converte.
821 2591 931 2660 Unus
968 2590 1028 2658 hio
1065 2597 1295 2696 portusest,
1328 2588 1367 2656 in

303 2759 452 2831 «quem
481 2759 550 2806 nos
576 2737 622 2806 ab
651 2735 753 2804 omni
783 2734 998 2803 fluctuantis
1026 2732 1140 2802 seculi
1168 2731 1368 2820 jactatione

291 2911 319 2970 *a
344 2883 563 2964 referemur3
591 2901 700 2970 quem
722 2879 819 2947 inter
839 2864 1021 2947 irruentes
1049 2875 1179 2945 muudi
1200 2874 1367 2944 turbines

304 3053 321 3092 a
343 3026 414 3096 lusi
437 3033 618 3115 petamus.
641 3023 722 3090 Huc
742 3020 886 3090 cunctis
906 3018 1194 3106 confugiendum
1214 3025 1282 3097 est,
1304 3015 1364 3107 qui

303 3196 319 3234 a
342 3168 532 3239 frementis
552 3165 666 3236 seculi
683 3172 896 3253 tempestate
915 3169 1096 3230 vexantur
1117 3187 1133 3225 a
1156 3162 1217 3248 (3).

346 3311 537 3382 Abdicatis
565 3308 751 3379 interdum
779 3305 970 3394 dignitatis
1004 3302 1223 3394 episcopalis
1252 3300 1365 3382 curis,

303 3458 559 3546 Lugdunoque
597 3453 816 3530 abscedens,
857 3459 897 3521 ut
936 3450 1096 3541 quietam
1134 3447 1248 3515 vitam
1287 3465 1367 3533 age·

304 3610 357 3671 ret
389 3609 424 3669 ct
457 3601 532 3668 Deo
567 3596 770 3687 litterisque
797 3593 948 3663 liberius
976 3598 1133 3671 vacaret,
1164 3589 1243 3679 ipse
1266 3589 1367 3656 insu-

302 3745 374 3812 lam
410 3742 564 3832 petebat.
598 3766 614 3805 a
644 3741 805 3807 Domum
835 3732 1013 3827 pensilem
1048 3732 1155 3802 nobis
1190 3739 1368 3822 praeparet

303 3917 319 3955 «
343 3896 377 3958 et
410 3884 661 3962 membranas
700 3881 785 3971 quia
823 3879 854 3947 si
896 3877 995 3947 Deus
1033 3875 1177 3955 annuit,
1212 3875 1367 3965 quadra-

303 4051 319 4090 «
347 4024 527 4112 gesimam
567 4023 604 4092 in
643 4022 766 4090 insula
805 4039 889 4087 cum
927 4018 1008 4107 ipso
1046 4025 1168 4086 tenere
1205 4011 1367 4104 disponi·

341 4249 378 4322 (1)
395 4248 517 4306 Hister,
534 4247 586 4304 lib.
602 4245 685 4312 Vlll,
702 4261 768 4319 cup.
784 4241 828 4300 40.

339 4348 378 4421 (2)
394 4348 459 4404 Lib.
476 4348 544 4412 Vll,
560 4335 648 4421 epist.
666 4343 709 4399 12.

340 4447 377 4518 (3)
391 4448 432 4504 De
446 4449 541 4502 laude
555 4443 663 4501 eremi.
681 4440 783 4498 Patrol
799 4439 862 4509 lat,
880 4443 901 4496 t.
915 4437 948 4507 L,
964 4436 1021 4494 col.
1040 4435 1100 4492 lll.
