3058 4960
632 511 787 579 ,5-

178 765 194 803 «
217 747 271 807 ret
303 759 367 828 per
397 757 527 807 omnes
559 737 809 828 spiritualium
844 759 968 808 rerum
1003 736 1241 828 disciplinas;

178 907 194 946 «
216 881 262 950 ad
284 881 352 949 hoc
371 881 481 950 etiam
502 890 536 950 te
556 890 681 970 postea
707 880 1059 950 consummantibus
1083 881 1243 950 summis

178 1051 194 1089 «
216 1025 318 1104 viriS,
340 997 515 1093 Salviano
535 1023 865 1114 atqueVincenti0‚
884 1023 1090 1114 eloquentia
1108 1023 1244 1112 pariter

178 1195 194 1232 «
216 1177 250 1237 et
270 1168 450 1258 sapientia
471 1168 801 1257 praeeminentibus
822 1167 924 1246 viris,
946 1175 1013 1235 etc.
1038 1193 1054 1231 »
1077 1169 1138 1254 (1).

222 1312 319 1380 Idem
345 1311 556 1390 Salvianus,
583 1310 627 1379 de
656 1332 729 1401 quo
754 1310 961 1380 Eucherius
989 1311 1111 1390 mode,
1142 1331 1241 1390 cum,

177 1452 342 1521 abdicata
369 1453 527 1522 insulari
553 1449 697 1533 militia,
724 1462 864 1542 septem
890 1463 973 1542 post
1001 1474 1122 1522 annos
1148 1452 1244 1520 inter

177 1597 398 1665 Lerinenses
418 1605 579 1674 exactos,
597 1595 805 1664 Massiliam
823 1617 862 1664 se
882 1595 1091 1685 recepisset,
1113 1596 1244 1664 floren-

178 1740 224 1808 tis
245 1761 335 1808 sane
355 1739 452 1829 apud
473 1739 620 1808 eosdem
642 1739 782 1807 scholae
804 1760 879 1808 non
900 1739 1049 1820 oblitus,
1088 1759 1244 1808 uvenem

178 1883 387 1972 quemdam,
410 1882 626 1971 popularem
647 1903 771 1962 suurn,
789 1881 961 1950 Lerinam
982 1881 1095 1961 misit,
1118 1902 1244 1951 mona-

1074 2033 1086 2092 t

178 2025 259 2093 chis
298 2047 338 2092 ea
379 2025 572 2092 occasione
610 2025 778 2094 scribens
818 2047 825 2092 :
869 2051 884 2088 r<
924 2024 1107 2113 Suscipio
1143 2044 1242 2111 ergo,

180 2194 196 2231 a
218 2190 359 2258 quaeso.
383 2168 482 2237 hunc
502 2176 542 2236 ut
557 2189 637 2237 mea
658 2169 811 2250 viscera,
831 2176 865 2236 et
884 2177 1066 2258 quantum
1086 2167 1124 2235 in
1141 2167 1244 2236 vobis

107 2400 110 2406 Ι
180 2336 196 2375 «
218 2320 273 2380 est
292 2320 412 2379 vostra
439 2312 556 2392 facite,
583 2311 733 2393 inlicite,
761 2320 796 2380 et
819 2311 1082 2394 adhortamini,
1114 2317 1242 2387 docete,

180 2479 196 2517 a
220 2458 406 2531 instruite,
432 2457 604 2540 scrutate,
631 2455 783 2542 gignite.
808 2482 824 2519 »
847 2457 908 2544 (2).
931 2456 1051 2534 Quam
1076 2454 1168 2522 bene
1193 2451 1243 2521 rei

180 2610 319 2668 nostrae
357 2622 397 2669 ea
432 2621 503 2668 vox
536 2600 742 2680 conveniat,
774 2621 883 2669 nemo
912 2622 988 2669 non
1021 2601 1129 2680 videt,
1159 2621 1244 2668 curn

179 2742 394 2810 Lerinensis
419 2741 577 2809 instituti
606 2741 856 2830 peritissimus
882 2742 991 2811 fucrit
1015 2742 1084 2810 iste
1108 2740 1245 2809 Salvia-

180 2908 265 2966 nus,
287 2886 350 2977 qui
367 2886 567 2972 magistros
582 2886 627 2954 ad
645 2886 818 2974 juvenem
834 2886 1040 2954 docendum
1061 2885 1245 2954 instruen-

180 3029 287 3109 dum,
328 3028 557 3116 gignendum
589 3029 720 3098 nullibi
754 3029 875 3116 magis
903 3029 1086 3109 idioneOS,
1128 3049 1246 3119 neque

180 3171 481 3260 opportuniorem
521 3170 687 3254 scholam
726 3193 839 3262 quarn
878 3171 917 3238 in
950 3171 1081 3239 Lerina
1122 3169 1245 3238 insula

182 3314 367 3404 repererit.

225 3458 364 3526 Eadem
392 3458 505 3526 ferme
529 3466 637 3526 aetate
656 3478 876 3546 germanum
897 3457 1038 3528 Sidonii
1058 3454 1245 3546 Apollina-

183 3599 235 3668 ris
255 3600 405 3668 fratrem
433 3623 453 3669 a
479 3603 628 3681 Fausta,
651 3601 812 3690 primum
834 3601 1027 3669 Lerinensi
1047 3599 1242 3679 monach0,

183 3748 306 3829 postea
334 3762 418 3808 vcro
443 3741 592 3840 Reiensi
620 3743 803 3832 episcopa,
832 3742 1027 3810 educatum
1047 3741 1163 3812 luisse
1183 3760 1245 3808 no·

182 3885 305 3953 vimus
328 3907 335 3952 :
357 3905 442 3953 curn
462 3907 547 3953 rero
568 3886 659 3954 satis
685 3907 759 3954 non
780 3894 922 3954 constet
941 3907 1014 3976 quo
1033 3906 1133 3954 anno
1153 3883 1246 3973 epis·

220 4107 258 4179 (l)
274 4107 315 4163 sn
332 4106 476 4163 Eucherii
495 4110 648 4165 Instruct.
667 4109 717 4164 tto.
739 4108 861 4164 Proelat.
884 4108 921 4164 ad
944 4109 1113 4164 Salonium.
1131 4105 1244 4163 Patrol.

183 4204 234 4259 lat.
253 4205 368 4275 Migno,
385 4205 418 4261 T.
433 4206 465 4260 L.
481 4205 537 4261 col.
557 4207 617 4261 773.

221 4303 258 4371 (2)
278 4303 414 4360 Salviani
432 4304 550 4360 Massil.
577 4322 680 4378 opera.
707 4305 776 4360 Edit
801 4305 978 4362 Balusiana.
1009 4305 1137 4360 Parisiis
1165 4301 1245 4376 1684,

183 4399 281 4476 Epist.
299 4402 321 4457 l.

972 4471 983 4500 ἱ
