3072 4956
701 487 887 554 „80-

308 713 424 782 Porro
444 710 477 781 is
491 715 572 780 erat
587 707 834 799 Augustinus,
856 733 966 803 quem
987 711 1103 781 multa
1128 711 1162 781 vi
1183 733 1336 784 errores

264 849 520 936 insectantem,
546 855 735 946 multoque
767 854 929 942 ingenio,
964 875 1096 924 omnes
1129 857 1268 948 quibus
1294 858 1335 926 in

264 995 427 1068 Ecclesia
468 1019 567 1067 curae
607 1006 685 1066 erat
717 997 919 1068 christiana
962 998 1142 1079 doctrina,
1192 1007 1333 1069 attenta

263 1150 386 1211 mente
420 1149 627 1231 spectarent
666 1140 930 1232 audirentque3
970 1163 1044 1232 quo
1080 1141 1207 1211 minus
1251 1145 1332 1213 lieri

263 1284 381 1376 potuit
404 1291 445 1353 ut
463 1283 628 1352 inaudita
657 1282 852 1351 evaderent
879 1305 962 1376 quae
991 1284 1171 1374 tantisper
1198 1308 1219 1354 a
1244 1308 1334 1356 vero

257 1427 448 1498 declinare
480 1426 710 1496 videbantur.
747 1427 845 1494 lnter
877 1447 940 1495 ecs
973 1426 1036 1518 qui
1069 1427 1115 1497 de
1144 1428 1264 1516 gratia
1298 1439 1335 1499 et

264 1571 438 1640 humanae
458 1569 636 1639 libertatis
661 1589 734 1638 usu
752 1568 858 1638 aliter
871 1590 915 1638 ac
933 1570 1170 1656 Augustinus
1192 1572 1335 1642 sentire

261 1713 344 1783 ausi
364 1721 465 1796 sunt,
486 1712 622 1796 eminet
641 1712 679 1781 in
696 1711 826 1802 primis
842 1690 1059 1794 Cassianus
1076 1713 1334 1806 Massiliensis

263 1857 464 1948 presbyter.
500 1856 569 1926 Hic
592 1855 681 1924 clim
706 1875 791 1924 cum
825 1865 954 1926 sancta
984 1857 1119 1926 loanni
1151 1857 1331 1949 Chrysas·

264 2009 363 2069 tamo
385 2008 483 2068 esset
502 1998 683 2079 addictus,
709 1999 807 2088 apud
827 1999 1034 2070 Orientales
1060 2001 1221 2090 primam
1248 2001 1333 2074 vitae

263 2164 341 2214 suae
361 2152 504 2234 partem
531 2151 666 2230 egerat,
699 2150 861 2232 tempere
891 2163 964 2234 qua
996 2144 1334 2232 praestantissimus

262 2294 386 2354 arator
415 2283 867 2373 ConstantinopolitanuS,
892 2283 1082 2354 adlatum
1109 2285 1335 2358 Manichaec

263 2449 349 2498 rum
371 2409 681 2518 propulsandum,
718 2425 767 2495 ita
795 2425 999 2498 libertatem
1024 2426 1063 2495 in
1088 2427 1212 2518 majus
1241 2428 1335 2498 acci-

262 2594 346 2662 pere
365 2572 581 2651 conabatur‚
609 2579 649 2640 ut
668 2579 703 2639 et
722 2570 803 2660 ipse
822 2570 917 2639 ultra
945 2570 1020 2639 veri
1041 2570 1135 2642 fines
1164 2571 1334 2662 aliquan·

263 2724 341 2784 tum
368 2713 552 2805 progredi,
581 2723 616 2783 et
641 2712 769 2800 gratiae
801 2712 946 2782 muneri
973 2712 1114 2804 aliquid
1140 2713 1336 2798 detrahere

262 2859 366 2928 visus
408 2858 456 2928 sit
495 2859 556 2945 (l).
604 2856 727 2946 Hujus
776 2855 890 2942 igitur
937 2856 1091 2944 vestigia
1144 2858 1334 2948 sequendo

263 3002 470 3073 Cassianus
499 3001 538 3070 in
572 3021 681 3090 opere
714 2999 813 3090 quod
846 3002 1063 3069 donationes
1101 2999 1333 3082 inscribitur,

263 3154 301 3214 et
321 3123 528 3235 praesertim
548 3143 588 3211 in
608 3142 712 3212 tertia
733 3141 873 3212 decima
894 3141 1101 3222 collatione,
1125 3143 1335 3213 doctrinam

263 3297 345 3368 quae
369 3275 507 3344 erroris
536 3283 622 3344 ncta
650 3273 796 3361 signata
827 3272 895 3342 fuit
924 3273 1023 3343 baud
1050 3274 1225 3362 ambigue
1252 3296 1335 3365 pro·

263 3412 386 3481 fessus
406 3418 474 3480 est.
492 3410 527 3478 ls
547 3408 660 3488 enim,
689 3407 756 3477 etsi
782 3406 972 3476 bominem
999 3408 1045 3477 ab
1068 3407 1202 3477 Adami
1224 3407 1334 3477 ruina

263 3545 511 3624 vulneratum,
534 3542 812 3633 humanamque
833 3549 1006 3608 naturam
1027 3541 1232 3610 sauciatam
1251 3562 1336 3611 esse

263 3683 409 3762 fatetur,
432 3689 594 3751 attamen
620 3680 725 3749 dccet
746 3698 828 3746 eam
848 3698 931 3745 esse
958 3677 1134 3746 liumanae
1154 3676 1336 3747 libertatis

299 3905 338 3978 (l)
365 3905 547 3960 «Nostrum
573 3903 696 3976 quidem
726 3909 774 3962 est
796 3900 958 3974 proeligere
981 3907 1011 3956 et
1032 3901 1121 3965 velle,
1152 3902 1207 3957 Dei
1230 3906 1334 3957 autern

265 4003 454 4078 «perlicere,
470 4007 500 4058 et
515 4007 677 4077 postquam
694 4001 880 4071 elegerimus
895 4005 958 4055 tum
976 4000 1065 4056 affert
1090 4018 1160 4072 quoe
1180 4017 1237 4056 sua
1262 4005 1337 4056 sunt

266 4125 276 4154 ι
294 4102 417 4158 Deua.»
443 4098 557 4158 Hornil.
580 4099 636 4153 Xll
653 4100 683 4153 in
701 4099 789 4172 epist.
817 4097 853 4152 ad
877 4097 1039 4162 Hebraeae,
1056 4110 1090 4152 n⁰
1102 4097 1129 4152 3.
1154 4121 1164 4147 ι
1180 4097 1335 4154 Voluntas

265 4227 276 4253 ι
295 4207 398 4260 nostra
415 4201 574 4278 proprium
590 4216 627 4255 ex
643 4215 676 4253 sc
693 4195 784 4253 babet
800 4202 833 4251 ut
849 4194 929 4263 velit,
951 4196 1034 4252 Deus
1055 4196 1212 4269 incipienti
1236 4196 1335 4252 iucre-

265 4327 275 4352 ε
296 4307 433 4358 mentum
449 4298 541 4357 dabit.
559 4320 569 4348 ι
589 4297 622 4354 ln
640 4295 716 4371 psal.
734 4294 872 4352 CXVlll.
