3072 4956
618 493 797 562 ..91-

164 790 169 802 ,
217 717 398 808 Equidem
419 719 582 788 Caesario
604 719 764 789 tribuere
789 737 870 788 cam
897 718 1044 788 diurnae
1074 717 1261 798 lectionis¹

173 860 444 931 institutionem
476 863 515 930 in
550 861 788 944 monasteri-is
817 861 988 952 iniquum
1017 870 1126 942 esset,
1156 881 1242 930 cum

169 1004 249 1094 jam
270 1013 359 1074 teste
373 1007 404 1074 J.
424 1005 687 1096 Chrysostomo
704 1005 802 1095 apud
823 1004 1021 1075 orientales
1037 1005 1242 1075 monachos

173 1169 214 1216 ca
238 1147 382 1237 jamdiu
408 1149 545 1236 vigeret
574 1173 581 1217 :
612 1176 628 1214 «
657 1152 857 1240 Postquam
886 1119 1012 1239 preces
1039 1149 1242 1220 matutinas

175 1316 192 1354 «
215 1300 250 1360 et
270 1290 432 1382 hymnos
451 1294 739 1382 compleverunt,
757 1293 802 1362 ad
824 1293 1016 1361 lectionem
1037 1293 1242 1383 Scripturan

175 1461 192 1501 a
215 1458 298 1506 rum
319 1458 359 1506 se
378 1416 596 1520 conserunt3
619 1448 707 1508 sunt
726 1438 837 1507 etiam
857 1437 919 1528 qni
941 1437 1055 1506 libros
1081 1433 1242 1508 scribere

175 1579 458 1650 «didicerunt»
481 1584 542 1670 (1).
570 1581 639 1662 Qui
661 1602 743 1650 mos
768 1581 865 1671 apud
892 1580 1126 1661 Lerinenses,
1148 1594 1244 1671 quos·

172 1713 391 1796 orientalem
419 1725 531 1794 ritum
556 1725 719 1794 imitatos
743 1745 825 1794 esse
851 1723 944 1794 satis
968 1731 1125 1805 constat,
1147 1732 1243 1794 certe

172 1869 331 1957 vigebat,
364 1869 550 1960 hujusque
577 1869 764 1938 Caesarius
793 1868 856 1960 qni
884 1894 900 1933 «
927 1885 1121 1959 nunqnam
1145 1866 1242 1936 Leri-

175 2036 191 2076 «
216 2012 392 2082 nensium
426 2008 784 2081 lratrum'instituta
825 2010 972 2102 reliquit
1006 2037 1022 2075 »
1042 2012 1120 2099 .(2)‚
1157 2032 1242 2080 cum

173 2163 272 2224 esset
292 2155 451 2235 Arelate,
488 2154 669 2224 meminit.
706 2154 743 2224 ld
777 2175 863 2224 vero
885 2154 954 2223 hac
986 2154 1031 2223 de
1063 2174 1101 2222 re
1125 2151 1243 2221 effecit

175 2296 376 2377 Caesarine,
412 2305 452 2366 ut
489 2296 651 2366 maxima
686 2296 901 2377 auctoritate
939 2317 1006 2365 sua
1041 2295 1139 2386 quod
1163 2294 1242 2384 jam

173 2447 252 2508 erat
275 2439 315 2508 in
339 2449 412 2510 usu
440 2440 687 2521 confirmaret,
719 2439 984 2530 lectionemque
1010 2447 1045 2508 et
1070 2437 1242 2508 eruditio·-

175 2603 273 2664 nem‚
297 2590 375 2652 tum
396 2584 535 2672 regulis
555 2585 600 2652 ad
621 2582 846 2652 monasteria
865 2581 1026 2662 directio,
1050 2589 1128 2652 tum
1148 2581 1242 2672 epis·

173 2727 259 2797 tolis
279 2728 325 2798 ad
337 2727 525 2819 quasdam
545 2727 708 2815 virgines
728 2726 888 2816 scriptia,
916 2735 994 2794 tum
1011 2723 1176 2794 homiliis
1196 2723 1247 2793 adv

174 2862 380 2932 monachos
414 2861 563 2942 habitis,
599 2861 720 2949 magis
751 2861 945 2951 magisque
972 2859 1240 2950 comprobaret.

173 2999 244 3068 Hic
263 2998 391 3080 habea,
413 3020 487 3090 quo
507 2998 652 3068 facilius
680 2997 867 3086 intelligas
890 2997 1132 3088 quamobrem
1160 2997 1243 3065 Fer·

175 3133 313 3213 reoluS,
344 3132 407 3224 qui
437 3132 590 3201 Caesarii
623 3139 701 3200 erat
729 3130 948 3220 discipulus
979 3129 1018 3198 in
1047 3151 1088 3198 ea
1117 3128 1242 3216 regula

174 3288 290 3360 quam
310 3266 506 3337 monachis
527 3264 767 3356 praescripsit,
789 3264 911 3334 dicat:
935 3290 951 3328 «
966 3263 1243 3351 agriculturam

175 3426 192 3464 «
215 3420 398 3479 exercere,
417 3420 492 3467 non
518 3398 612 3468 valet
633 3397 893 3486 (monachus);
916 3397 1046 3484 legere,
1069 3394 1241 3474 scribere,

175 3560 192 3599 «
214 3534 314 3624 qnod
335 3542 391 3603 est
409 3554 503 3622 opus
524 3531 753 3622 praecipuum
776 3557 792 3595 »
815 3531 876 3618 (3).

219 3650 528 3756 Quantacumque
552 3685 637 3734 vero
663 3673 719 3733 est
742 3663 943 3733 auctoritas
963 3684 1035 3754 qua
1057 3662 1244 3731 Caesarius

172 3801 220 3871 ad
241 3798 512 3870 monachorum
540 3797 661 3868 studia
685 3796 740 3867 vel
766 3795 1035 3876 confirmanda,
1057 3795 1119 3864 vel
1147 3816 1244 3864 oom-

213 4024 250 4094 (l)
268 4023 372 4079 Sancti
387 4021 516 4079 Joannis
531 4019 745 4092 Clrrysostomi
760 4035 863 4108 opera.
887 4018 1001 4076 Patrol.
1023 4034 1137 4090 graeca,
1160 4022 1180 4073 t.
1204 4017 1244 4082 X,

174 4121 235 4179 col.
251 4121 315 4176 576.

212 4220 253 4292 (2)
273 4218 343 4276 Vita
357 4216 468 4276 Sancti
482 4215 623 4281 Coe-rarii,
639 4215 691 4272 lib.
710 4217 731 4285 1,
749 4233 815 4290 cap.
834 4216 856 4281 l,
872 4225 905 4271 n⁰
919 4214 964 4284 11,
981 4214 1041 4272 col.
1058 4215 1136 4272 1005.

213 4318 252 4390 (3)
268 4317 451 4374 Holstenius
469 4331 475 4372 :
492 4318 595 4373 Codeer
609 4316 821 4386 Boeotorum,
838 4320 858 4370 t.
877 4313 899 4381 l,
915 4333 945 4396 p.
958 4312 1003 4371 81.
