3058 4960
613 519 791 586 ..25-

169 757 247 826 ges,
270 737 342 807 nisi
370 760 455 807 eum
476 740 580 828 legis,
615 763 686 831 qua
712 741 759 822 vi,
788 763 859 832 qua
885 741 1104 833 eloquentiae
1133 743 1234 812 flam-

169 903 243 961 ma,
265 903 338 972 quo
358 882 554 954 verborum
574 892 757 952 aestuante
781 884 905 965 fluctu,
937 885 1044 975 quasi
1065 885 1234 974 publicus

169 1032 373 1106 accusator,
406 1047 536 1095 omnes
563 1027 721 1096 civitatis
750 1028 911 1109 ordines,
939 997 1234 1118 primoresrlivi-

170 1179 296 1261 tesque
323 1172 542 1261 praesertim,
579 1173 745 1242 infamiae
773 1183 858 1242 nota
884 1173 940 1242 ita'
961 1141 1165 1255 insimulat
1195 1183 1235 1244 ut

168 1313 437 1385 incurrentium
463 1317 705 1385 barbararum
731 1318 897 1404 gentium
923 1317 1147 1408 perditaeque
1168 1318 1234 1386 rei-

168 1458 326 1549 publieae
346 1481 497 1528 eausam
518 1460 572 1529 eis
591 1461 768 1532 attribuat
796 1485 803 1529 :
833 1461 978 1553 qualit,
1000 1471 1041 1531 ut
1060 1461 1233 1530 Salviana

169 1586 332 1672 narratio
366 1603 537 1673 virtutem
571 1605 786 1674 historicam
822 1607 983 1697 quedam
1016 1607 1125 1675 mede
1157 1627 1234 1696 prae

168 1766 208 1814 se
227 1746 330 1814 ferat.
356 1746 467 1815 Plura
495 1747 643 1838 quidem
668 1749 831 1818 coritinet
857 1769 938 1838 quae
966 1748 1005 1816 in
1038 1748 1161 1838 majus
1188 1749 1234 1818 ab

167 1888 344 1979 scriptore
363 1890 419 1958 vel
439 1899 544 1958 aucta
566 1891 727 1972 luerunt,
749 1892 805 1960 val
825 1913 917 1978 qum,
940 1892 1008 1961 etsi
1038 1913 1104 1982 pre
1124 1892 1234 1961 certis

167 2033 387 2113 afferuntur,
420 2033 459 2100 in
491 2033 632 2126 ineerta
664 2043 787 2103 tamen
819 2034 946 2104 haberi
974 2035 1119 2104 debent.
1150 2037 1232 2104 Non

166 2173 274 2242 aliter
297 2174 341 2242 de
361 2182 519 2265 quatuor
539 2174 655 2255 libris,
673 2195 767 2264 ques
788 2174 826 2242 in
847 2179 1064 2244 Avaritiam
1086 2175 1234 2265 scripsit
1311 2211 1313 2215 v
1375 2178 1376 2182 ’

167 2315 377 2398 Salvianus,
411 2319 645 2388 sentiendum
665 2327 732 2399 est,
760 2319 817 2387 eui
834 2319 929 2388 ultra
949 2341 1076 2388 verum
1098 2320 1234 2390 sentire

166 2460 273 2549 quusi
291 2460 512 2548 ingenitum.
530 2463 596 2530 Sin
612 2472 747 2543 autern,
767 2463 1027 2552 praeter-missis
1047 2474 1233 2555 quaesunt

166 2612 297 2693 praeter
316 2625 464 2695 {aequum
483 2605 591 2686 dieta,
618 2627 827 2675 sermonem
853 2607 1033 2687 attendas
1057 2629 1139 2698 quae
1163 2607 1232 2676 vir·

166 2755 239 2827 tuS,
261 2747 356 2816 bone
375 2750 487 2829 Deus,
509 2771 592 2839 quae
612 2749 775 2830 flamma,
792 2771 874 2840 quae
895 2750 1120 2841 eloquentia!
1144 2753 1231 2819 Sese

165 2886 313 2956 exhibet
339 2889 537 2957 Salvianus
557 2889 751 2957 sententiis
771 2909 955 2977 pressum,
978 2888 1127 2975 ingenio
1148 2909 1231 2958 aeu-
1284 2912 1287 2915 “

165 3038 257 3110 turn,
295 3031 433 3118 lingua,
463 3031 587 3101 habita
620 3031 750 3100 saltem
776 3032 951 3120 temperis
973 3031 1125 3112 ratione,
1149 3031 1231 3102 niti-

164 3171 267 3253 dum,
283 3193 393 3263 quem
408 3173 551 3242 Tullius
569 3175 778 3249 inritatum,
800 3174 1004 3250 rotabilem,
1025 3177 1230 3242 redundan-

166 3325 249 3394 tem,
283 3320 595 3404 circumfluentem
620 3317 767 3386 diceret.
801 3317 931 3406 Operis
961 3326 1083 3386 tamen
1110 3317 1227 3398 initia,

52 3501 56 3508 ·
165 3479 212 3526 ne
245 3479 417 3528 sermone
447 3458 687 3548 decipiamur,
718 3480 926 3539 monemur,
953 3469 1037 3527 eurn
1066 3481 1124 3527 res
1154 3480 1228 3527 non

164 3602 274 3671 verba
291 3602 489 3671 Salvianus
504 3611 606 3671 euret
624 3624 631 3669 :
656 3627 672 3665 «
689 3604 766 3670 Nos
786 3610 908 3670 autern
930 3601 992 3691 qui
1015 3622 1138 3671 rerum
1154 3624 1229 3671 ma-

152 3769 182 3809 ⁴«
204 3746 262 3832 gis
286 3768 398 3836 quam
423 3746 620 3815 verborum
641 3754 825 3813 amatores
849 3744 952 3814 utilia
974 3743 1100 3834 potius·
1116 3767 1228 3836 quam

165 3889 415 3980 «plausibilia
445 3899 642 3970 sectamur,
674 3912 792 3981 neque
825 3890 861 3959 id
894 3890 1097 3980 quaerimus
1126 3891 1228 3960 utin

165 4059 181 4097 q
205 4033 314 4103 nobis
347 4033 474 4102 inania
502 4032 713 4102 seculorum
736 4043 968 4113 ornamenta,
1009 4034 1072 4102 sed
1106 4042 1146 4102 ut
1172 4055 1228 4101 sa-

164 4202 181 4242 «
205 4176 336 4246 lutaria
367 4197 491 4245 rerum
519 4166 767 4246 emolumenta
796 4175 1004 4257 laudentur,
1027 4157 1097 4246 ete.
1122 4202 1138 4242 »
1166 4176 1226 4264 (l).

198 4366 238 4441 (1)
254 4367 390 4424 Salviani
406 4384 510 4441 opera.
529 4366 607 4424 Edit.
623 4365 740 4434 Belus,
757 4367 846 4423 Paris
862 4365 941 4422 1684.
958 4366 1093 4435 Praefat,
1111 4385 1140 4439 p.
1156 4366 1183 4420 2.

1162 4464 1176 4508 3
