3072 4956
719 495 921 565 -114-

292 741 309 778 «
330 736 415 806 quae
452 715 548 786 inter
585 717 716 804 longos
757 737 847 786 meae
879 718 1016 786 crebrae
1049 703 1360 808 peregrinationis

293 882 310 922 u
330 857 524 928 discursus
544 859 681 949 optima
706 860 880 950 comperi,
904 859 981 929 haec
1000 860 1174 930 universa
1195 860 1306 929 didici
1326 870 1361 929 et

293 1027 310 1066 u
332 1001 436 1071 vobis
455 1003 652 1080 sulubriter
671 1004 901 1074 observanda
922 1003 1158 1074 contradidi»
1181 1006 1243 1092 (1).
1268 1006 1360 1084 Quae

292 1148 368 1220 sint
395 1172 436 1221 ea
464 1153 688 1223 monasteria
714 1175 734 1222 a
762 1153 959 1223 Benedicto
980 1153 1139 1232 visitata,
1158 1151 1362 1220 ¹historicos

293 1293 412 1363 latet:
441 1304 570 1366 notum
600 1304 723 1366 tamen
757 1319 798 1365 ea
830 1305 949 1377 aetate,
990 1297 1087 1365 inter
1124 1295 1360 1365 celeberrima

292 1436 493 1508 Lerinense
512 1440 739 1531 praecipuum
757 1440 879 1509 locum
902 1439 1123 1520 obtinuisse,
1144 1461 1165 1508 a
1195 1460 1269 1530 quo
1289 1439 1361 1508 alia

294 1580 399 1673 plura
420 1605 487 1651 sua
510 1583 678 1653 instituta
699 1591 939 1674 acceperunt;
968 1583 1291 1674 certissimumque
1318 1604 1363 1652 ex

294 1725 456 1817 praefatis
476 1726 572 1796 inter
590 1713 813 1796 Lerinenses
830 1727 1069 1796 Benedictum
1084 1726 1231 1796 duobus
1251 1726 1363 1795 annis

294 1870 410 1940 fuisse
429 1879 629 1951 versatum,
647 1857 980 1962 monachumque«
998 1869 1134 1940 ibidem
1152 1871 1363 1960 professum

184 2082 191 2103 ι
296 2041 313 2079 n
334 2015 531 2084 exstitisse.
549 2016 636 2085 lnde
652 2015 690 2084 in
703 2016 879 2104 Angliam
896 2037 1003 2086 suam
1020 2036 1232 2085 reversus..
1251 2013 1363 2084 homo

297 2158 373 2227 «in
400 2159 635 2228 strictissima
660 2159 921 2232 Lerinensium
946 2159 1143 2249 disciplina
1171 2159 1362 2238 educatae,

297 2303 565 2373 «benedictino
603 2304 829 2373 monasterio
867 2303 1105 2373 informando
1145 2302 1365 2393 aptissimus

297 2475 313 2513 «
334 2455 389 2516 est
401 2446 588 2537 judicatus
605 2472 621 2510 »
638 2448 700 2536 (2).
724 2447 828 2528 Quod
845 2447 941 2515 inter
956 2446 1179 2516 Lerinenses
1195 2445 1364 2534 ignotum

295 2611 341 2660 cx
368 2589 586 2658 monasticis
612 2588 793 2658 institutis
821 2591 867 2659 ab
892 2590 977 2658 aliis
1000 2589 1169 2659 didicerit
1192 2590 1365 2659 Benedic-

296 2745 368 2816 tus,
408 2734 456 2804 ita
497 2732 599 2824 parri
639 2734 817 2814 momenti
855 2742 927 2814 est,
969 2741 1010 2802 ut
1048 2733 1140 2803 illud
1180 2733 1366 2823 praeterire

299 2881 446 2950 silentio
468 2882 524 2950 fas
542 2882 601 2963 sit,
619 2882 709 2973 quin
730 2881 879 2971 injuriae
898 2881 937 2950 in
957 2882 1097 2951 crimen
1114 2881 1364 2951 incurramus.

296 3013 543 3094 Quamobrem
563 3015 608 3083 de
627 3014 813 3083 Benedicti
835 3014 1015 3083 institutis
1044 3014 1141 3085 idem
1168 3015 1363 3105 judicium,

297 3149 395 3240 quod
416 3149 568 3239 protulit
585 3149 839 3228 Mabillonius,
861 3169 1043 3238 usurpare
1062 3148 1199 3219 arridet
1221 3171 1228 3217 :
1253 3174 1270 3212 «
1287 3150 1366 3218 Hoc

298 3309 314 3348 a
341 3304 426 3351 vero
456 3282 668 3351 institutum
698 3281 917 3351 Benedictus
947 3281 1124 3352 hauserat
1151 3283 1189 3351 in
1217 3304 1366 3352 monas·

196 3395 198 3398 ⁵
298 3445 314 3483 «
338 3418 428 3487 terio
448 3416 639 3487 Lerinensi
663 3443 679 3481 n
703 3418 764 3504 (3).

340 3556 479 3622 Rerum
509 3551 667 3639 igitura
701 3550 898 3620 Benedicta
930 3551 1187 3621 institutarum
1219 3553 1366 3623 laudem

298 3709 364 3779 pro
402 3694 504 3776 parte
541 3684 633 3754 satis
665 3685 865 3775 conspicua
900 3684 1168 3754 Lerinensibus
1208 3686 1367 3755 tribuere

296 3821 443 3913 injuriae
465 3829 548 3889 nota
569 3819 706 3889 carebit
728 3843 735 3888 :
758 3840 918 3910 quorum
940 3819 1023 3888 laus
1043 3820 1166 3889 adhuc
1185 3820 1367 3890 illustrior

331 4040 370 4111 (l)
387 4036 582 4094 Venerabilis
598 4035 691 4104 Beda,
708 4035 852 4102 locauit,
870 4034 921 4090 lib.
940 4034 961 4103 l,
977 4047 1011 4090 n⁰
1029 4035 1070 4091 ll.

331 4137 371 4210 (2)
384 4138 586 4208 Apostotatus
602 4131 886 4190 Benedictinorum
903 4131 938 4189 ie
950 4132 1069 4204 ninello
1085 4150 1100 4190 a
1120 4134 1153 4189 P.
1170 4133 1217 4190 Cl.
1233 4135 1367 4209 Reyneri

295 4231 329 4278 ὲ
345 4235 441 4292 Duaci
455 4233 524 4290 1625
539 4264 569 4274 -
586 4232 687 4290 Sectio
706 4231 727 4299 l,
745 4250 775 4305 p.
791 4231 835 4287 33.

333 4337 372 4406 (3)
387 4331 546 4392 Mabillon.
566 4346 572 4387 :
589 4333 731 4389 Annales
745 4333 816 4388 ord.
832 4332 959 4398 Bened„
977 4334 996 4386 t.
1015 4330 1037 4399 l,
1052 4329 1103 4386 lib.
1121 4329 1189 4401 XV,
1204 4349 1233 4406 p.
1249 4329 1314 4388 456.
