3072 4956
689 470 894 540 ..108-

255 695 482 786 praecipitata
526 705 678 764 ruerunt
715 694 918 764 monastica
951 694 1125 764 instituta
1164 695 1334 777 scholas,

256 840 395 930 quaein
415 839 508 928 ipsis
527 839 718 918 florebant,
748 860 876 907 secum
900 839 940 906 in
960 839 1109 908 ruinam
1131 839 1333 910 trahentia.

256 985 382 1073 Neque
401 981 586 1051 infelicius
601 1003 711 1068 quarn
731 982 771 1049 in
790 982 909 1050 Gallia
929 1004 990 1050 res
1004 983 1105 1072 apud
1124 983 1274 1072 Anglos
1294 1005 1337 1052 se

258 1126 462 1208 habebant;
493 1146 606 1212 eoque
632 1125 869 1207 devenerant,
902 1135 942 1194 ut
969 1134 1098 1194 octavo
1128 1127 1259 1196 seculo
1279 1131 1338 1196 rel

259 1291 372 1359 pauca
393 1268 449 1336 vel
470 1269 570 1337 nulla
593 1268 743 1336 nomine
761 1269 874 1355 digna
889 1279 1081 1338 exstarent
1101 1271 1337 1340 monasteria

259 1414 297 1482 in
321 1414 458 1504 quibus
484 1413 637 1482 scientia
661 1414 901 1482 excoleretur.
927 1415 1181 1492 Quamobrem
1202 1418 1338 1484 Patres

259 1557 401 1625 concilii
425 1555 756 1634 cloveshoviensis,
787 1577 888 1623 anno
920 1557 1113 1625 DCCXLlI
1144 1559 1336 1640 celebrati,

259 1701 461 1770 decernunt
488 1721 568 1788 cap.
590 1699 665 1765 XX
694 1725 710 1761 a
733 1707 773 1766 ut
797 1699 1012 1788 provideant
1044 1701 1216 1788 vigilanti
1257 1724 1339 1792 per-

262 1869 278 1908 «
301 1843 453 1912 fectione
476 1841 649 1930 episcopi,
675 1846 716 1908 ut
742 1840 818 1908 sint
846 1844 1070 1911 monasteria
1092 1844 1202 1933 juxta
1230 1867 1339 1914 roca-

262 2013 279 2052 «
300 1986 430 2055 auium
461 1984 625 2053 nominis
664 1984 737 2064 sui,
771 1984 807 2052 ia
834 1993 904 2065 est,
937 1985 1094 2055 honesta
1123 1953 1336 2069 strenuum,

263 2130 512 2221 «quietorum
538 2149 581 2196 ac
607 2148 668 2214 pro
698 2131 767 2196 Deo
796 2128 1042 2198 laborantium
1077 2129 1338 2201 habitacula...

263 2299 280 2338 a
301 2279 367 2342 etc.
398 2297 415 2336 »
444 2273 505 2359 (l).
533 2270 646 2360 Cujus
671 2270 833 2339 mandati
859 2292 1011 2340 causam
1037 2281 1145 2342 antea
1170 2276 1338 2362 praedicti

261 2420 389 2486 Patres
408 2424 532 2483 notam
552 2415 736 2482 fecerant:
760 2439 776 2476 a
797 2413 904 2483 Dictu
924 2415 1126 2484 dolendum
1142 2423 1213 2497 est,
1236 2421 1338 2508 quod

264 2589 281 2626 a
304 2560 363 2628 his
390 2557 617 2647 temporibus
644 2557 816 2646 perpauci
844 2557 1094 2640 inveniantur,
1123 2561 1188 2650 qui
1214 2583 1261 2629 ex
1282 2561 1339 2630 in-·

265 2731 282 2768 a
305 2704 393 2773 timo
416 2701 529 2771 corde
557 2719 674 2768 sacrae
700 2699 865 2767 scientiae
900 2701 1093 2789 rapiantur
1125 2724 1268 2784 amore,
1305 2713 1340 2773 et

266 2871 282 2912 «
303 2845 366 2913 rix
402 2843 542 2934 aliquid
581 2840 770 2909 elaborare
808 2841 847 2907 in
885 2841 1061 2910 discendo
1106 2844 1338 2914 voluerint...

207 2977 210 2984 ’
266 2987 464 3057 «Proinde
497 2991 735 3053 coerceantur
772 2991 807 3051 et
843 2993 1084 3052 exerceantur
1122 2985 1161 3052 in
1196 2988 1340 3056 scholis

265 3131 407 3224 «pueri
445 3129 491 3198 ad
520 3127 752 3222 dilectionem
779 3127 902 3194 Sacrae
930 3127 1132 3217 Scripturae
1163 3151 1170 3196 :
1204 3106 1245 3198 ut
1275 3152 1342 3220 per

267 3305 283 3344 «
306 3277 375 3346 hoc
395 3275 487 3343 bene
507 3271 640 3341 eruditi
662 3269 820 3338 inveniri
841 3269 986 3358 possint
1013 3271 1059 3339 ad
1081 3271 1342 3342 omnimodam

268 3448 284 3488 «
307 3417 479 3490 Ecclesiae
499 3415 694 3516 utilitatem
717 3439 733 3477 »
756 3414 817 3501 (2).

310 3561 501 3634 'l'entanda
536 3558 648 3646 igitur
677 3563 765 3636 erat,
795 3554 915 3623 medio
945 3554 1022 3644 jam
1048 3556 1174 3626 seculo
1195 3568 1339 3639 octavo,

267 3705 545 3779 institutionum
588 3709 622 3770 et
661 3697 871 3767 scholarum
906 3698 1200 3769 monasticarum
1239 3702 1342 3790 apud

266 3850 409 3939 Anglos
440 3844 640 3922 renovatio,
670 3838 834 3932 quamsi
856 3847 930 3908 tam
953 3839 1169 3909 solemniter
1189 3843 1341 3911 concilii

267 3979 589 4057 Cloreshorionsis
632 3978 760 4045 Patres
798 3973 938 4060 agressi
988 3983 1088 4055 sunt,
1137 3974 1342 4046 dicendum

304 4212 344 4285 (t)
359 4208 462 4266 Lablie
477 4221 483 4263 :
500 4205 711 4264 socrosancta
726 4195 876 4266 Concilio,
895 4201 915 4252 t.
931 4194 984 4262 Vt,
1001 4215 1030 4270 p.
1046 4196 1125 4253 1535.

305 4303 344 4378 (2)
363 4298 450 4366 thid,
464 4313 531 4372 cap.
548 4293 616 4363 Vll,
633 4311 662 4368 p.
682 4289 761 4346 1533.
