3072 4956
648 454 826 525 ...97-

247 652 356 723 Haud
371 654 477 723 aliter
491 654 627 722 sentire
647 653 790 723 videtur
804 654 1011 736 Ennodius,
1028 654 1090 746 qui
1107 655 1269 745 primum

201 794 367 885 antiquis
387 793 532 884 litteris
548 795 614 862 rite
632 795 790 888 deditus,
820 795 999 864 suadente
1022 797 1150 866 forsan
1176 797 1269 890 epis-

200 938 330 1029 copali
348 923 538 1028 dignitate,
567 939 613 1007 ab
640 939 693 1007 eis
713 960 753 1007 se
774 939 927 1007 retrahit
949 962 961 1021 ³,
981 966 996 1003 «
1019 941 1172 1009 Cessent
1192 941 1269 1011 ani-

202 1081 333 1149 «lium
371 1091 578 1150 commenta
613 1089 818 1171 poetarum,
854 1082 1022 1150 fabulosa
1058 1083 1269 1172 repudietur

202 1225 443 1316 «antiquitas
466 1252 483 1290 »
506 1228 566 1314 (1).
593 1225 688 1306 Quid
713 1226 862 1306 clarius
894 1226 965 1311 nisi
992 1227 1083 1295 forte
1103 1227 1266 1318 ejusdem

199 1369 360 1438 Ennodii
381 1390 422 1438 ea
444 1370 625 1438 sententia
650 1393 657 1437 :
691 1395 707 1433 r
729 1370 801 1437 lsta
823 1390 907 1460 quae
927 1377 1017 1438 sunt
1043 1369 1268 1439 secularium

200 1538 217 1576 «
240 1512 428 1582 schemata
450 1520 686 1602 respuantur,
717 1512 867 1583 caducis
893 1513 1033 1581 intenta
1061 1514 1268 1602 persuasio-

104 1705 116 1728 .
200 1684 216 1723 α
240 1659 364 1739 nibus,
389 1659 471 1728 telae
491 1659 627 1727 similia
648 1659 864 1748 Penelopeae
882 1684 898 1722 a
921 1661 982 1746 (2).
1005 1658 1043 1726 Si
1060 1639 1145 1726 talia
1167 1655 1268 1726 audi-

198 1823 285 1870 mus
318 1804 363 1870 ex
409 1803 455 1871 iis
493 1803 555 1894 qui
595 1802 742 1892 scriptis
780 1802 835 1870 vel
874 1801 984 1870 etiam
1022 1801 1265 1881 carminibus

197 1956 338 2038 quanto
358 1947 482 2016 favore
504 1927 688 2036 prosecuti
713 1953 838 2015 essent
858 1947 1034 2036 profanos
1054 1945 1265 2034 scriptores
1368 1993 1373 2002 »

198 2096 393 2182 testantur,
434 2088 527 2157 nihil
566 2110 656 2157 sane
689 2088 902 2157 mirandum
936 2088 1016 2167 erit,
1052 2088 1084 2156 si
1118 2088 1266 2158 eosdem

197 2233 336 2302 severis
365 2233 518 2302 vocibus
537 2232 766 2302 insectentur
793 2232 856 2324 qui
876 2232 1085 2300 doctrinam
1105 2231 1266 2322 discipli-

198 2398 360 2469 namque
390 2377 634 2446 christianam
662 2377 887 2464 vulgandam
917 2398 962 2445 ex
991 2378 1158 2466 professo
1185 2397 1266 2444 sus-

144 2589 148 2596 ,
195 2528 380 2610 ceperant.
419 2519 516 2586 Audi
555 2518 778 2588 Cassianum
812 2518 891 2608 jam
924 2540 945 2586 a
979 2518 1103 2586 seculo
1136 2517 1266 2608 quinto

195 2665 306 2732 fletus
326 2662 557 2742 miscentem,
579 2683 621 2731 eo
650 2662 748 2752 quod
773 2661 812 2729 in
834 2662 938 2730 libris
961 2672 1124 2730 veterum
1145 2668 1267 2752 poeta-¹

197 2827 280 2874 rum
307 2804 472 2891 legendis
492 2803 651 2872 multum
673 2803 849 2892 temporis
874 2804 961 2871 olim
983 2804 1227 2892 insumpserit
1255 2827 1262 2871 :

197 2974 213 3012 a
235 2949 344 3016 Mens
360 2968 440 3015 mea
462 2946 613 3036 poeticis
633 2947 732 3014 velut
751 2947 885 3015 inlecta
912 2946 1155 3026 carminibus
1181 2947 1264 3015 illas

197 3090 449 3160 «fabularum
484 3109 646 3176 nugas..
691 3090 827 3180 quibus
874 3112 894 3158 a
941 3091 1094 3179 parvulo
1133 3090 1264 3178 primis

197 3233 445 3302 «studiorum
473 3233 614 3301 imbuta
644 3242 699 3300 est
732 3233 996 3301 rudimentis...
1023 3233 1072 3301 ita
1102 3241 1264 3302 mentem

197 3403 213 3440 a
235 3398 356 3445 meam
378 3377 423 3445 ad
444 3397 627 3466 supernos
646 3377 804 3445 intuitus
831 3377 996 3466 aspirare
1017 3398 1092 3445 non
1113 3376 1261 3466 patitur,

196 3546 213 3584 «
235 3529 276 3589 ut
295 3520 524 3610 quotidianis
543 3521 689 3589 fletibus
713 3521 831 3609 possit
850 3521 982 3609 expelli
1008 3547 1024 3585 »
1053 3522 1113 3608 (3).
1142 3521 1263 3589 Notis-

194 3663 290 3732 sima
326 3673 382 3732 est
414 3683 454 3732 ea
490 3663 643 3753 epistola
682 3684 767 3753 qua,
798 3663 949 3732 ineunte
983 3671 1087 3731 sexto
1123 3664 1260 3743 secula,

194 3809 397 3895 Gregorius
425 3810 588 3894 Magnus
614 3807 860 3886 Desiderium,
889 3806 1142 3876 Viennensem
1170 3808 1263 3897 epis-

212 4032 269 4103 ·(1)
285 4032 351 4087 Lib.
370 4030 392 4095 l,
409 4033 497 4106 epist.
514 4032 541 4096 9,
558 4049 587 4104 p.
605 4031 648 4086 19.

228 4119 269 4188 (2)
285 4119 350 4174 Lib.
370 4119 407 4183 ll,
424 4119 512 4192 epist.
528 4118 554 4190 6,
570 4137 598 4191 p.
615 4119 660 4174 46.

229 4208 270 4279 (3)
292 4208 465 4278 colloquia.
495 4208 559 4263 Lib.
586 4206 668 4276 XIV,
699 4227 764 4283 cap.
796 4209 837 4264 12.
869 4210 983 4266 Patrol.
1010 4209 1073 4277 lat,
1102 4215 1121 4264 t.
1151 4210 1261 4279 XLIX,

193 4297 330 4354 eol-974.
1198 4335 1200 4338 -
