3058 4960
618 491 795 574 ,53-

77 743 80 748 ¹
170 752 187 791 «
209 727 506 800 emendationem
526 713 702 821 mysticos
731 729 939 798 intellectus
966 753 982 794 »
1018 729 1238 820 decerperet,

168 870 259 940 dum
295 897 312 936 «
339 894 504 962 anagoge
541 874 586 944 ad
620 872 821 942 sacratiora
859 872 1066 942 coelestium
1105 874 1240 962 figura-

168 1035 287 1083 rum»
310 1017 358 1104 (t)
379 1018 613 1106 perducebat.
636 1015 830 1104 Exegctica
850 1015 964 1103 igitur
983 1016 1137 1086 scientia
1154 1038 1240 1086 con·

168 1159 433 1250 templativam,
462 1169 647 1252 quatenus
680 1135 856 1229 historico
886 1159 958 1228 ritu
985 1160 1074 1250 quid
1102 1161 1239 1231 factum

167 1301 290 1382 fuerit,
322 1303 377 1371 vel
398 1304 601 1390 anagogico
622 1303 710 1394 quid
740 1301 939 1371 defuturis
968 1311 1002 1371 et
1026 1303 1240 1372 eoelestibus

168 1443 218 1514 sit
237 1445 462 1515 credendum
477 1455 512 1515 et
531 1447 758 1536 sperandum
778 1445 944 1535 inquirit,
962 1446 1118 1514 activam
1139 1467 1236 1542 vem,

168 1607 255 1656 cum
286 1607 371 1677 quae
405 1588 481 1657 sint
509 1588 652 1676 agenda
689 1588 855 1679 inquirit,
882 1589 980 1678 opud
1000 1589 1238 1671 Eucherium,

168 1753 281 1823 quem
301 1733 398 1802 inter
412 1731 635 1802 Lerinenses
654 1732 1020 1813 connumeravimus,
1039 1753 1120 1802 sese
1140 1732 1241 1802 exhi-

168 1875 242 1944 bet.
265 1877 427 1956 Quartus
448 1885 572 1944 tamen
599 1895 644 1943 ex
669 1874 840 1944 Eucherii
865 1875 1075 1943 testimonio
1102 1875 1243 1945 exstitit

168 2019 486 2108 interpretationis
511 2019 657 2098 modus
684 2039 757 2109 quo
783 2040 847 2107 per
866 2018 1081 2105 allegoriam
1102 2018 1140 2086 in
1161 2037 1240 2106 ges·

169 2170 292 2230 torum
316 2162 530 2231 narratione
548 2165 765 2248 futurorum
785 2162 916 2230 umbra
933 2162 1126 2249 detegitur.

215 2305 321 2386 Quod
341 2305 373 2373 si
395 2305 576 2374 Eucherio
601 2305 755 2395 ejusque
783 2305 870 2374 filiis
890 2305 998 2374 fidem
1015 2306 1239 2395 praebcmus,

167 2446 392 2516 adducimur
412 2456 452 2515 ut
471 2446 705 2526 Lerinenses,
732 2467 816 2515 cum
841 2446 886 2515 de
910 2438 1111 2537 Scripturis
1132 2447 1241 2516 inter·
1322 2517 1327 2526 ,

167 2590 361 2680 pretandis
381 2590 571 2677 agebatur,
596 2589 761 2658 historiae
778 2611 909 2679 parum
925 2589 1116 2658 curavisse
1131 2590 1241 2659 fatea-
1310 2603 1311 2608 ’

167 2755 267 2802 mur.
291 2733 386 2822 Ipsis
406 2733 505 2801 enim
532 2753 650 2823 neque
674 2732 718 2801 de
738 2741 857 2814 aetate,
876 2754 995 2824 neque
1021 2733 1065 2802 de
1085 2733 1241 2802 auctori-

167 2877 253 2958 bUS,
272 2897 392 2967 neque
411 2876 455 2944 do
470 2876 595 2944 causis
615 2875 752 2966 quibus
772 2875 907 2944 firmati
933 2875 991 2944 his
1012 2865 1116 2944 libris
1132 2876 1243 2945 fidem

166 3019 383 3099 adhibeant,
424 3019 547 3110 aliqua
581 3019 769 3110 inquirere
799 3027 900 3087 curae
926 3027 993 3098 cst,
1027 3020 1081 3088 vel
1116 3019 1240 3089 divina

167 3163 336 3231 humano
367 3162 438 3231 ritu
466 3171 634 3231 tractare.
664 3163 721 3231 Ab
746 3161 828 3230 istis
856 3162 982 3249 regula
1008 3184 1156 3231 morum
1187 3163 1241 3230 vel

167 3331 184 3370 «
207 3306 481 3395 sperandarum
516 3305 724 3374 substantia
765 3326 887 3374 rerum
914 3313 948 3374 et
976 3314 1242 3392 argumentum

166 3469 245 3517 non
285 3448 545 3538 apparentium
572 3475 588 3512 n
619 3450 666 3536 (2)
697 3448 858 3516 maxime
893 3457 1079 3538 petuntur,
1116 3449 1165 3518 ita
1202 3457 1242 3518 ut

165 3614 280 3662 omne
302 3592 505 3681 Scripturae
526 3593 649 3660 Sacrae
673 3591 838 3660 studium
865 3616 881 3654 a
910 3591 1089 3680 spiritalis
1109 3591 1243 3660 intelli·

163 3736 303 3822 gentice
331 3734 633 3824 interpretatione
662 3733 842 3802 consistat
868 3759 884 3796 »
914 3734 974 3820 (3).
1011 3733 1244 3823 Quapropter

165 3875 420 3946 Eucherius«
448 3876 644 3944 nominum
675 3883 784 3965 atque
805 3852 1001 3943 verborum
1031 3874 1244 3962 significan·

202 4102 243 4175 (1)
259 4100 376 4159 Patrol.
395 4099 458 4165 lat,
476 4105 500 4164 t„
512 4098 544 4168 L,
562 4098 620 4156 col.
636 4098 697 4157 728.

201 4200 242 4272 (2)
258 4199 300 4254 stt
317 4199 407 4255 Pauli
423 4198 514 4271 epist.
531 4202 572 4254 ud
588 4197 680 4253 Hebr.
701 4195 755 4265 XI,
773 4197 800 4255 1.

201 4298 242 4370 (3)
259 4296 394 4354 Euchcr.
423 4300 569 4382 Formul.
604 4295 683 4367 spir.
711 4294 769 4352 int.
797 4297 891 4368 Proef,
921 4292 1036 4355 Patrol.
1067 4292 1130 4367 lat,
1160 4300 1179 4354 t.
1210 4293 1243 4369 L,

163 4395 226 4456 col.
245 4394 308 4456 728.
