3072 4956
750 497 929 563 ...70-

305 727 369 788 ant
388 717 564 788 Salviano
588 722 737 812 scripta,
764 733 943 814 quantam
969 725 1226 794 auctoritatem
1246 685 1377 796 eallenr

305 883 415 952 opera
454 864 525 953 ipsi
559 865 747 946 adderent,
782 889 867 936 curn
900 869 1009 936 solita
1042 869 1091 938 sit
1128 869 1167 938 in
1205 869 1376 939 scholam

305 1007 514 1077 redundare
564 1009 681 1095 gloria
730 1011 1009 1097 magistrorum.
1051 1015 1147 1081 Nam
1190 1014 1377 1082 aestinrare

303 1151 405 1220 decet
434 1172 509 1219 non
540 1152 653 1221 aliarn
678 1154 794 1236 luisse
819 1176 860 1222 ea
885 1165 990 1224 aetate
1017 1156 1233 1226 scholarum
1260 1159 1375 1226 fortu-

306 1316 395 1362 nam
414 1317 527 1386 quarn
549 1297 815 1366 recentioribus
830 1299 1071 1388 temporibus,
1089 1263 1228 1390 quihus
1244 1299 1374 1390 liujus-

305 1438 404 1506 modi
424 1439 678 1508 institutiones
704 1440 927 1529 praecipuam
951 1441 1026 1510 vim
1055 1451 1091 1510 et
1115 1443 1374 1512 auctoritatem

304 1583 351 1650 ab
372 1582 419 1650 iis
447 1583 511 1674 qui
539 1593 704 1672 praesunt
727 1584 890 1673 accipere
918 1585 1051 1654 solent.
1082 1586 1121 1654 Si
1141 1597 1373 1676 compertum

303 1735 360 1794 ast
380 1726 508 1794 Basilii
526 1728 653 1814 magni
673 1728 928 1796 auctoritatem
959 1743 1041 1797 eam
1062 1729 1192 1809 luisse,
1212 1751 1297 1820 quae
1321 1723 1373 1798 illi

304 1879 379 1938 tarn
418 1870 556 1939 multos
593 1871 804 1940 conciliaret
841 1871 1059 1952 monachos,
1099 1881 1138 1940 ut
1173 1872 1274 1942 Asiae
1308 1873 1373 1942 toti

304 2035 464 2104 praeesse
491 2015 686 2095 rideretur,
717 2036 798 2084 earn
824 2037 914 2084 sane
935 2037 1010 2084 non
1037 2017 1192 2084 omnino
1212 2018 1374 2087 tribuere

303 2159 476 2228 convenit
508 2159 622 2249 hujus
648 2159 716 2226 viri
746 2161 945 2240 sanctitati,
971 2182 1053 2250 quae
1080 2169 1204 2229 tamen
1225 2162 1273 2230 ad
1294 2183 1372 2230 rem

303 2305 458 2373 maximi
492 2304 561 2372 fuit
584 2303 770 2392 ponderis,
801 2303 865 2373 sed
896 2305 1005 2373 etiarn
1035 2305 1175 2392 ingenii
1203 2305 1304 2374 laudi
1340 2315 1374 2374 et

302 2447 445 2518 dicendi
472 2448 609 2528 virtuti,
640 2447 778 2537 quibus
806 2447 1004 2538 aequalium
1031 2449 1209 2535 suffragia
1244 2470 1372 2518 eonse-

303 2603 413 2663 eutus
432 2601 499 2661 est.

346 2738 403 2807 Ad
439 2736 521 2806 haec
549 2744 735 2805 memento
768 2735 964 2804 insulanos
997 2735 1205 2826 eloquentia
1239 2759 1309 2806 sua
1339 2744 1373 2804 et

304 2883 432 2951 missis
449 2881 580 2951 litteris
600 2882 708 2968 longe
724 2880 866 2969 lateque
881 2879 1136 2948 auctoritatem
1152 2901 1262 2949 suam
1282 2881 1372 2949 dila-

303 3037 415 3096 tasse.
437 3026 618 3094 Novimus
638 3024 750 3104 enim,
775 3032 864 3092 teste
892 3023 1046 3102 Hilario
1069 3023 1115 3092 ad
1135 3024 1372 3092 Honoratum

304 3197 320 3237 «
363 3172 537 3239 latentem
571 3169 735 3258 undique
773 3167 977 3236 litterarum
1017 3167 1136 3235 officia
1174 3193 1191 3231 »
1232 3167 1371 3256 perlata

304 3317 434 3396 fuisse,
469 3341 485 3379 «
507 3313 644 3405 quibus
664 3312 856 3402 illaquam
884 3311 990 3379 novis
1013 3310 1207 3380 affectibus
1231 3311 1371 3379 variata

305 3487 321 3527 «
345 3460 530 3540 reddebat,
557 3478 669 3549 quarn
689 3455 828 3543 gravia,
854 3475 966 3546 quam
986 3455 1134 3536 blanda,
1158 3476 1272 3545 quam
1293 3454 1372 3524 dul·

307 3631 323 3671 «
345 3605 399 3674 oia
427 3605 531 3693 »(1).
566 3605 641 3671 Noe
674 3600 779 3668 aliter
811 3598 855 3667 de
879 3599 961 3689 ipso
985 3598 1128 3667 Hilario
1157 3598 1369 3679 dicendum,

306 3751 413 3841 cujus
436 3775 452 3813 a
474 3746 686 3816 facundiam
708 3771 724 3808 n
747 3744 785 3811 in
807 3742 936 3810 litteris
958 3741 1165 3811 scribendis
1190 3750 1373 3810 memorat

305 3892 524 3964 Eucherius.
550 3889 607 3957 Ab
627 3909 669 3957 eo
689 3884 928 3976 epistolarum
957 3884 1190 3963 commercio,
1226 3893 1267 3953 ut
1295 3905 1371 3953 rem

303 4045 472 4106 sanctam
489 4039 640 4120 agerent
653 4026 882 4111 abstinuisse
894 4026 927 4093 V
930 3999 1145 4105 iacentium,
1162 4025 1372 4096 Maximum

304 4189 338 4252 et
358 4178 452 4249 alios
477 4196 636 4269 quorum
661 4170 823 4263 epistolae
851 4189 926 4238 non
952 4176 1100 4237 exstant
1127 4176 1161 4236 at
1189 4188 1234 4235 ne
1262 4169 1372 4238 exsti-

308 4335 309 4340 *
340 4378 379 4460 (l)
391 4377 543 4434 Hilffl'ium
559 4374 674 4434 Arelal.
692 4371 758 4433 loco
774 4371 823 4426 cit.
