<?xml version="1.0" encoding="UTF-8"?>
<!DOCTYPE html PUBLIC "-//W3C//DTD XHTML 1.0 Transitional//EN"
    "http://www.w3.org/TR/xhtml1/DTD/xhtml1-transitional.dtd">
<html xmlns="http://www.w3.org/1999/xhtml" xml:lang="en" lang="en">
 <head>
  <title>
</title>
<meta http-equiv="Content-Type" content="text/html;charset=utf-8" />
  <meta name='ocr-system' content='tesseract 3.04.00' />
  <meta name='ocr-capabilities' content='ocr_page ocr_carea ocr_par ocr_line ocrx_word'/>
</head>
<body>
  <div class='ocr_page' id='page_1' title='image "./descholalerinen00lahagoog_0061.png"; bbox 0 0 3058 4960; ppageno 0'>
   <div class='ocr_carea' id='block_1_1' title="bbox 682 472 859 540">
    <p class='ocr_par' dir='ltr' id='par_1_1' title="bbox 682 472 859 540">
     <span class='ocr_line' id='line_1_1' title="bbox 682 472 859 540; baseline 0 -18"><span class='ocrx_word' id='word_1_1' title='bbox 682 472 859 540; x_wconf 69' lang='lat'>..40-</span> 
     </span>
    </p>
   </div>
   <div class='ocr_carea' id='block_1_2' title="bbox 174 693 1317 1785">
    <p class='ocr_par' dir='ltr' id='par_1_2' title="bbox 238 693 1317 1071">
     <span class='ocr_line' id='line_1_2' title="bbox 240 693 1316 784; baseline 0.001 -22"><span class='ocrx_word' id='word_1_2' title='bbox 240 702 317 762; x_wconf 89' lang='lat' dir='ltr'>tum</span> <span class='ocrx_word' id='word_1_3' title='bbox 338 693 546 782; x_wconf 72' lang='lat' dir='ltr'>aeruginosa</span> <span class='ocrx_word' id='word_1_4' title='bbox 567 693 628 762; x_wconf 91' lang='lat' dir='ltr'>illa</span> <span class='ocrx_word' id='word_1_5' title='bbox 649 694 813 763; x_wconf 86' lang='lat' dir='ltr'>ferebant</span> <span class='ocrx_word' id='word_1_6' title='bbox 833 702 995 784; x_wconf 87' lang='lat' dir='ltr'>tempora</span> <span class='ocrx_word' id='word_1_7' title='bbox 1019 720 1035 758; x_wconf 90' lang='lat'>»</span> <span class='ocrx_word' id='word_1_8' title='bbox 1059 693 1120 783; x_wconf 80' lang='lat'>(1)‚&#39;</span> <span class='ocrx_word' id='word_1_9' title='bbox 1149 694 1316 763; x_wconf 87' lang='lat' dir='ltr'>floruere</span> 
     </span>
     <span class='ocr_line' id='line_1_3' title="bbox 238 837 1317 928; baseline -0.001 -22"><span class='ocrx_word' id='word_1_10' title='bbox 238 839 277 906; x_wconf 93' lang='lat' dir='ltr'>in</span> <span class='ocrx_word' id='word_1_11' title='bbox 288 837 479 918; x_wconf 68' lang='lat' dir='ltr'>caenobiis,</span> <span class='ocrx_word' id='word_1_12' title='bbox 495 859 576 928; x_wconf 89' lang='lat' dir='ltr'>quae</span> <span class='ocrx_word' id='word_1_13' title='bbox 592 858 667 905; x_wconf 90' lang='lat' dir='ltr'>non</span> <span class='ocrx_word' id='word_1_14' title='bbox 683 837 802 926; x_wconf 76' lang='lat' dir='ltr'>magis</span> <span class='ocrx_word' id='word_1_15' title='bbox 816 846 922 906; x_wconf 86' lang='lat' dir='ltr'>erant</span> <span class='ocrx_word' id='word_1_16' title='bbox 939 837 1145 906; x_wconf 86' lang='lat' dir='ltr'>«asceteria</span> <span class='ocrx_word' id='word_1_17' title='bbox 1160 837 1317 907; x_wconf 83' lang='lat' dir='ltr'>virtutis</span> 
     </span>
     <span class='ocr_line' id='line_1_4' title="bbox 238 953 1314 1071; baseline 0.004 -27"><span class='ocrx_word' id='word_1_18' title='bbox 238 1006 254 1045; x_wconf 89' lang='grc'>«</span> <span class='ocrx_word' id='word_1_19' title='bbox 276 1001 387 1071; x_wconf 88' lang='lat' dir='ltr'>quarn</span> <span class='ocrx_word' id='word_1_20' title='bbox 408 980 646 1049; x_wconf 88' lang='lat' dir='ltr'>scientiarum</span> <span class='ocrx_word' id='word_1_21' title='bbox 652 1034 717 1048; x_wconf 93' lang='grc'><strong>.....</strong></span> <span class='ocrx_word' id='word_1_22' title='bbox 740 981 780 1047; x_wconf 94' lang='lat' dir='ltr'>ln</span> <span class='ocrx_word' id='word_1_23' title='bbox 801 979 939 1048; x_wconf 87' lang='lat' dir='ltr'>scholis</span> <span class='ocrx_word' id='word_1_24' title='bbox 960 953 1100 1050; x_wconf 89' lang='lat' dir='ltr'>nostris</span> <span class='ocrx_word' id='word_1_25' title='bbox 1121 981 1314 1050; x_wconf 74' lang='lat' dir='ltr'>doceban¹</span> 
     </span>
    </p>

    <p class='ocr_par' dir='ltr' id='par_1_3' title="bbox 174 1121 1316 1785">
     <span class='ocr_line' id='line_1_5' title="bbox 238 1121 1316 1211; baseline 0.005 -24"><span class='ocrx_word' id='word_1_26' title='bbox 238 1148 254 1187; x_wconf 79' lang='lat' dir='ltr'>n</span> <span class='ocrx_word' id='word_1_27' title='bbox 277 1131 336 1190; x_wconf 86' lang='lat' dir='ltr'>tur</span> <span class='ocrx_word' id='word_1_28' title='bbox 361 1121 567 1211; x_wconf 87' lang='lat' dir='ltr'>disciplinae</span> <span class='ocrx_word' id='word_1_29' title='bbox 589 1143 719 1191; x_wconf 89' lang='lat' dir='ltr'>omnes</span> <span class='ocrx_word' id='word_1_30' title='bbox 748 1145 755 1190; x_wconf 94' lang='lat'><strong>:</strong></span> <span class='ocrx_word' id='word_1_31' title='bbox 785 1122 969 1211; x_wconf 74' lang='lat' dir='ltr'>praecipue</span> <span class='ocrx_word' id='word_1_32' title='bbox 1000 1131 1125 1191; x_wconf 89' lang='lat' dir='ltr'>tamen</span> <span class='ocrx_word' id='word_1_33' title='bbox 1157 1123 1316 1210; x_wconf 85' lang='lat' dir='ltr'>vigebat</span> 
     </span>
     <span class='ocr_line' id='line_1_6' title="bbox 174 1231 1313 1354; baseline 0.006 -26"><span class='ocrx_word' id='word_1_34' title='bbox 174 1231 180 1236; x_wconf 32' lang='grc'><strong><em>’</em></strong></span> <span class='ocrx_word' id='word_1_35' title='bbox 239 1292 255 1330; x_wconf 79' lang='lat' dir='ltr'>n</span> <span class='ocrx_word' id='word_1_36' title='bbox 277 1266 442 1335; x_wconf 86' lang='lat' dir='ltr'>studium</span> <span class='ocrx_word' id='word_1_37' title='bbox 463 1265 663 1354; x_wconf 86' lang='lat' dir='ltr'>Scripturae</span> <span class='ocrx_word' id='word_1_38' title='bbox 689 1266 813 1334; x_wconf 86' lang='lat' dir='ltr'>Sacrae</span> <span class='ocrx_word' id='word_1_39' title='bbox 843 1286 885 1334; x_wconf 88' lang='lat' dir='ltr'>ac</span> <span class='ocrx_word' id='word_1_40' title='bbox 905 1243 1122 1335; x_wconf 82' lang='lat' dir='ltr'>sanctorum</span> <span class='ocrx_word' id='word_1_41' title='bbox 1149 1268 1313 1352; x_wconf 82' lang='lat' dir='ltr'>Petrum</span> 
     </span>
     <span class='ocr_line' id='line_1_7' title="bbox 239 1399 1312 1498; baseline 0.008 -27"><span class='ocrx_word' id='word_1_42' title='bbox 239 1433 254 1472; x_wconf 79' lang='lat' dir='ltr'>a</span> <span class='ocrx_word' id='word_1_43' title='bbox 276 1429 361 1498; x_wconf 82' lang='lat' dir='ltr'>quae</span> <span class='ocrx_word' id='word_1_44' title='bbox 388 1429 462 1476; x_wconf 91' lang='lat' dir='ltr'>una</span> <span class='ocrx_word' id='word_1_45' title='bbox 491 1399 568 1476; x_wconf 85' lang='lat' dir='ltr'>erat</span> <span class='ocrx_word' id='word_1_46' title='bbox 593 1406 773 1494; x_wconf 72' lang='lat' dir='ltr'>theologia</span> <span class='ocrx_word' id='word_1_47' title='bbox 806 1407 907 1477; x_wconf 91' lang='lat' dir='ltr'>illius</span> <span class='ocrx_word' id='word_1_48' title='bbox 934 1408 1069 1498; x_wconf 86' lang='lat' dir='ltr'>aetatis.</span> <span class='ocrx_word' id='word_1_49' title='bbox 1102 1412 1156 1479; x_wconf 85' lang='lat' dir='ltr'>Eo</span> <span class='ocrx_word' id='word_1_50' title='bbox 1186 1419 1312 1480; x_wconf 89' lang='lat' dir='ltr'>cetera</span> 
     </span>
     <span class='ocr_line' id='line_1_8' title="bbox 238 1548 1315 1630; baseline 0.008 -17"><span class='ocrx_word' id='word_1_51' title='bbox 238 1575 254 1614; x_wconf 81' lang='lat' dir='ltr'>n</span> <span class='ocrx_word' id='word_1_52' title='bbox 276 1549 401 1618; x_wconf 90' lang='lat' dir='ltr'>omnia</span> <span class='ocrx_word' id='word_1_53' title='bbox 440 1549 560 1619; x_wconf 91' lang='lat' dir='ltr'>studia</span> <span class='ocrx_word' id='word_1_54' title='bbox 601 1548 863 1630; x_wconf 85' lang='lat' dir='ltr'>referebantur,</span> <span class='ocrx_word' id='word_1_55' title='bbox 905 1569 947 1618; x_wconf 86' lang='lat' dir='ltr'>eo</span> <span class='ocrx_word' id='word_1_56' title='bbox 982 1551 1080 1619; x_wconf 71' lang='lat' dir='ltr'>viam</span> <span class='ocrx_word' id='word_1_57' title='bbox 1119 1552 1315 1622; x_wconf 88' lang='lat' dir='ltr'>faciebant</span> 
     </span>
     <span class='ocr_line' id='line_1_9' title="bbox 238 1692 1315 1785; baseline 0.007 -28"><span class='ocrx_word' id='word_1_58' title='bbox 238 1720 253 1758; x_wconf 81' lang='lat' dir='ltr'>n</span> <span class='ocrx_word' id='word_1_59' title='bbox 276 1694 518 1762; x_wconf 75' lang='lat' dir='ltr'>humaniores</span> <span class='ocrx_word' id='word_1_60' title='bbox 538 1692 668 1761; x_wconf 86' lang='lat' dir='ltr'>litterae</span> <span class='ocrx_word' id='word_1_61' title='bbox 688 1702 858 1783; x_wconf 87' lang='lat' dir='ltr'>artesque</span> <span class='ocrx_word' id='word_1_62' title='bbox 878 1694 1060 1774; x_wconf 88' lang='lat' dir='ltr'>liberales,</span> <span class='ocrx_word' id='word_1_63' title='bbox 1083 1704 1125 1764; x_wconf 88' lang='lat' dir='ltr'>ut</span> <span class='ocrx_word' id='word_1_64' title='bbox 1145 1697 1315 1785; x_wconf 85' lang='lat' dir='ltr'>probant</span> 
     </span>
    </p>
   </div>
   <div class='ocr_carea' id='block_1_3' title="bbox 236 1833 1313 2065">
    <p class='ocr_par' dir='ltr' id='par_1_4' title="bbox 236 1833 1313 2065">
     <span class='ocr_line' id='line_1_10' title="bbox 236 1833 1313 1924; baseline 0.007 -25"><span class='ocrx_word' id='word_1_65' title='bbox 236 1862 252 1900; x_wconf 88' lang='lat'>«</span> <span class='ocrx_word' id='word_1_66' title='bbox 275 1835 384 1924; x_wconf 89' lang='lat' dir='ltr'>Bedae</span> <span class='ocrx_word' id='word_1_67' title='bbox 404 1834 637 1904; x_wconf 79' lang='lat' dir='ltr'>Venerabilis</span> <span class='ocrx_word' id='word_1_68' title='bbox 658 1833 740 1902; x_wconf 91' lang='lat' dir='ltr'>libri</span> <span class='ocrx_word' id='word_1_69' title='bbox 760 1835 804 1903; x_wconf 92' lang='lat' dir='ltr'>de</span> <span class='ocrx_word' id='word_1_70' title='bbox 824 1838 915 1903; x_wconf 81' lang='lat' dir='ltr'>Ante</span> <span class='ocrx_word' id='word_1_71' title='bbox 936 1840 1106 1914; x_wconf 68' lang='lat' dir='ltr'>creatrice,</span> <span class='ocrx_word' id='word_1_72' title='bbox 1131 1837 1176 1906; x_wconf 90' lang='lat' dir='ltr'>de</span> <span class='ocrx_word' id='word_1_73' title='bbox 1201 1841 1313 1908; x_wconf 79' lang='lat' dir='ltr'>Sene-</span> 
     </span>
     <span class='ocr_line' id='line_1_11' title="bbox 237 1970 1313 2065; baseline 0.01 -31"><span class='ocrx_word' id='word_1_74' title='bbox 237 1998 252 2035; x_wconf 85' lang='lat'>«</span> <span class='ocrx_word' id='word_1_75' title='bbox 274 1974 388 2039; x_wconf 79' lang='lat' dir='ltr'>nantis</span> <span class='ocrx_word' id='word_1_76' title='bbox 409 1972 626 2055; x_wconf 69' lang='lat' dir='ltr'>Scriptura,</span> <span class='ocrx_word' id='word_1_77' title='bbox 642 1970 687 2039; x_wconf 88' lang='lat' dir='ltr'>de</span> <span class='ocrx_word' id='word_1_78' title='bbox 702 1973 970 2058; x_wconf 74' lang='lat' dir='ltr'>Indiqitutione</span> <span class='ocrx_word' id='word_1_79' title='bbox 981 1981 1015 2040; x_wconf 91' lang='lat' dir='ltr'>et</span> <span class='ocrx_word' id='word_1_80' title='bbox 1028 1973 1177 2042; x_wconf 90' lang='lat' dir='ltr'>Rabani</span> <span class='ocrx_word' id='word_1_81' title='bbox 1194 1996 1313 2065; x_wconf 87' lang='lat' dir='ltr'>opus-</span> 
     </span>
    </p>
   </div>
   <div class='ocr_carea' id='block_1_4' title="bbox 133 2101 1315 3056">
    <p class='ocr_par' dir='ltr' id='par_1_5' title="bbox 133 2101 1315 2624">
     <span class='ocr_line' id='line_1_12' title="bbox 201 2101 1312 2202; baseline 0.009 -26"><span class='ocrx_word' id='word_1_82' title='bbox 201 2101 203 2108; x_wconf 79' lang='grc'><strong>’</strong></span> <span class='ocrx_word' id='word_1_83' title='bbox 236 2137 252 2176; x_wconf 83' lang='lat' dir='ltr'>n</span> <span class='ocrx_word' id='word_1_84' title='bbox 275 2112 400 2180; x_wconf 91' lang='lat' dir='ltr'>culum</span> <span class='ocrx_word' id='word_1_85' title='bbox 427 2111 472 2178; x_wconf 92' lang='lat' dir='ltr'>de</span> <span class='ocrx_word' id='word_1_86' title='bbox 493 2112 730 2177; x_wconf 73' lang='lat' dir='ltr'>Institutione</span> <span class='ocrx_word' id='word_1_87' title='bbox 748 2113 964 2181; x_wconf 82' lang='lat' dir='ltr'>clericorum</span> <span class='ocrx_word' id='word_1_88' title='bbox 982 2139 997 2177; x_wconf 82' lang='lat' dir='ltr'>n</span> <span class='ocrx_word' id='word_1_89' title='bbox 1021 2115 1083 2202; x_wconf 83' lang='lat'>(2).</span> <span class='ocrx_word' id='word_1_90' title='bbox 1100 2116 1208 2184; x_wconf 89' lang='lat' dir='ltr'>Tunc</span> <span class='ocrx_word' id='word_1_91' title='bbox 1229 2139 1312 2186; x_wconf 88' lang='lat' dir='ltr'>rna-</span> 
     </span>
     <span class='ocr_line' id='line_1_13' title="bbox 234 2250 1312 2350; baseline 0.007 -30"><span class='ocrx_word' id='word_1_92' title='bbox 234 2253 336 2320; x_wconf 79' lang='lat' dir='ltr'>ximo</span> <span class='ocrx_word' id='word_1_93' title='bbox 357 2252 394 2320; x_wconf 96' lang='lat' dir='ltr'>in</span> <span class='ocrx_word' id='word_1_94' title='bbox 415 2250 556 2318; x_wconf 91' lang='lat' dir='ltr'>honore</span> <span class='ocrx_word' id='word_1_95' title='bbox 582 2258 659 2318; x_wconf 90' lang='lat' dir='ltr'>erat</span> <span class='ocrx_word' id='word_1_96' title='bbox 686 2251 900 2350; x_wconf 89' lang='lat' dir='ltr'>Marcianus</span> <span class='ocrx_word' id='word_1_97' title='bbox 927 2255 1086 2343; x_wconf 89' lang='lat' dir='ltr'>Capella,</span> <span class='ocrx_word' id='word_1_98' title='bbox 1117 2257 1164 2326; x_wconf 91' lang='lat' dir='ltr'>ad</span> <span class='ocrx_word' id='word_1_99' title='bbox 1195 2259 1312 2348; x_wconf 86' lang='lat' dir='ltr'>cujus</span> 
     </span>
     <span class='ocr_line' id='line_1_14' title="bbox 233 2367 1315 2484; baseline 0.005 -21"><span class='ocrx_word' id='word_1_100' title='bbox 233 2393 441 2464; x_wconf 79' lang='lat' dir='ltr'>doctrinam</span> <span class='ocrx_word' id='word_1_101' title='bbox 456 2392 664 2481; x_wconf 81' lang='lat' dir='ltr'>librumque</span> <span class='ocrx_word' id='word_1_102' title='bbox 679 2390 723 2459; x_wconf 90' lang='lat' dir='ltr'>de</span> <span class='ocrx_word' id='word_1_103' title='bbox 737 2395 891 2477; x_wconf 79' lang='lat' dir='ltr'>Nuptiis</span> <span class='ocrx_word' id='word_1_104' title='bbox 911 2398 1129 2484; x_wconf 72' lang='lat' dir='ltr'>Philolopiae</span> <span class='ocrx_word' id='word_1_105' title='bbox 1148 2407 1184 2466; x_wconf 85' lang='lat' dir='ltr'>et</span> <span class='ocrx_word' id='word_1_106' title='bbox 1204 2367 1315 2468; x_wconf 63' lang='lat' dir='ltr'>Men</span> 
     </span>
     <span class='ocr_line' id='line_1_15' title="bbox 133 2513 1310 2624; baseline 0.006 -18"><span class='ocrx_word' id='word_1_107' title='bbox 133 2530 135 2534; x_wconf 68' lang='grc'><strong>’</strong></span> <span class='ocrx_word' id='word_1_108' title='bbox 232 2541 334 2611; x_wconf 79' lang='lat' dir='ltr'>curii</span> <span class='ocrx_word' id='word_1_109' title='bbox 354 2539 401 2624; x_wconf 89' lang='lat'>(3)</span> <span class='ocrx_word' id='word_1_110' title='bbox 423 2535 461 2602; x_wconf 95' lang='lat' dir='ltr'>in</span> <span class='ocrx_word' id='word_1_111' title='bbox 483 2533 620 2602; x_wconf 87' lang='lat' dir='ltr'>scholis</span> <span class='ocrx_word' id='word_1_112' title='bbox 636 2534 852 2603; x_wconf 83' lang='lat' dir='ltr'>monasticis</span> <span class='ocrx_word' id='word_1_113' title='bbox 872 2513 906 2605; x_wconf 82' lang='lat' dir='ltr'>et</span> <span class='ocrx_word' id='word_1_114' title='bbox 926 2538 1206 2611; x_wconf 79' lang='lat' dir='ltr'>cathedralibus</span> <span class='ocrx_word' id='word_1_115' title='bbox 1228 2553 1310 2614; x_wconf 85' lang='lat' dir='ltr'>stu-</span> 
     </span>
    </p>

    <p class='ocr_par' dir='ltr' id='par_1_6' title="bbox 180 2675 1310 3056">
     <span class='ocr_line' id='line_1_16' title="bbox 180 2675 1310 2766; baseline 0.003 -14"><span class='ocrx_word' id='word_1_116' title='bbox 180 2745 182 2752; x_wconf 72' lang='lat'><em>,</em></span> <span class='ocrx_word' id='word_1_117' title='bbox 231 2680 291 2748; x_wconf 92' lang='lat' dir='ltr'>dia</span> <span class='ocrx_word' id='word_1_118' title='bbox 313 2677 642 2766; x_wconf 84' lang='lat' dir='ltr'>componebantur.</span> <span class='ocrx_word' id='word_1_119' title='bbox 664 2675 786 2765; x_wconf 90' lang='lat' dir='ltr'>Hujus</span> <span class='ocrx_word' id='word_1_120' title='bbox 807 2677 857 2744; x_wconf 90' lang='lat' dir='ltr'>rei</span> <span class='ocrx_word' id='word_1_121' title='bbox 889 2678 1115 2750; x_wconf 86' lang='lat' dir='ltr'>fidissimum</span> <span class='ocrx_word' id='word_1_122' title='bbox 1139 2686 1310 2756; x_wconf 87' lang='lat' dir='ltr'>certissi-</span> 
     </span>
     <span class='ocr_line' id='line_1_17' title="bbox 232 2815 1307 2911; baseline 0.007 -23"><span class='ocrx_word' id='word_1_123' title='bbox 232 2839 409 2909; x_wconf 91' lang='lat' dir='ltr'>mumque</span> <span class='ocrx_word' id='word_1_124' title='bbox 429 2823 557 2886; x_wconf 84' lang='lat' dir='ltr'>testem</span> <span class='ocrx_word' id='word_1_125' title='bbox 580 2815 759 2884; x_wconf 91' lang='lat' dir='ltr'>habemus</span> <span class='ocrx_word' id='word_1_126' title='bbox 779 2818 997 2905; x_wconf 82' lang='lat' dir='ltr'>Gregorium</span> <span class='ocrx_word' id='word_1_127' title='bbox 1025 2824 1307 2911; x_wconf 88' lang='lat' dir='ltr'>Turonensem,</span> 
     </span>
     <span class='ocr_line' id='line_1_18' title="bbox 231 2959 1309 3056; baseline 0.008 -27"><span class='ocrx_word' id='word_1_128' title='bbox 231 2961 294 3052; x_wconf 92' lang='lat' dir='ltr'>qui</span> <span class='ocrx_word' id='word_1_129' title='bbox 320 2959 390 3027; x_wconf 90' lang='lat' dir='ltr'>sub</span> <span class='ocrx_word' id='word_1_130' title='bbox 417 2959 491 3026; x_wconf 82' lang='lat' dir='ltr'>fine</span> <span class='ocrx_word' id='word_1_131' title='bbox 510 2961 688 3050; x_wconf 69' lang='lat' dir='ltr'>Historiae</span> <span class='ocrx_word' id='word_1_132' title='bbox 716 2962 957 3041; x_wconf 81' lang='lat' dir='ltr'>Francorum,</span> <span class='ocrx_word' id='word_1_133' title='bbox 989 2963 1186 3056; x_wconf 84' lang='lat' dir='ltr'>episcopos</span> <span class='ocrx_word' id='word_1_134' title='bbox 1213 2970 1309 3039; x_wconf 91' lang='lat' dir='ltr'>allo-</span> 
     </span>
    </p>
   </div>
   <div class='ocr_carea' id='block_1_5' title="bbox 231 3099 1309 3194">
    <p class='ocr_par' dir='ltr' id='par_1_7' title="bbox 231 3099 1309 3194">
     <span class='ocr_line' id='line_1_19' title="bbox 231 3099 1309 3194; baseline 0.012 -24"><span class='ocrx_word' id='word_1_135' title='bbox 231 3122 363 3194; x_wconf 73' lang='lat' dir='ltr'>quens</span> <span class='ocrx_word' id='word_1_136' title='bbox 381 3120 475 3190; x_wconf 91' lang='lat' dir='ltr'>quos</span> <span class='ocrx_word' id='word_1_137' title='bbox 496 3099 570 3166; x_wconf 87' lang='lat' dir='ltr'>fere</span> <span class='ocrx_word' id='word_1_138' title='bbox 589 3119 718 3167; x_wconf 88' lang='lat' dir='ltr'>omnes</span> <span class='ocrx_word' id='word_1_139' title='bbox 738 3121 806 3168; x_wconf 86' lang='lat' dir='ltr'>suo</span> <span class='ocrx_word' id='word_1_140' title='bbox 827 3110 989 3191; x_wconf 86' lang='lat' dir='ltr'>tempore</span> <span class='ocrx_word' id='word_1_141' title='bbox 1008 3126 1053 3172; x_wconf 86' lang='lat' dir='ltr'>ex</span> <span class='ocrx_word' id='word_1_142' title='bbox 1078 3112 1309 3184; x_wconf 86' lang='lat' dir='ltr'>monasticis</span> 
     </span>
    </p>
   </div>
   <div class='ocr_carea' id='block_1_6' title="bbox 231 3240 1305 3352">
    <p class='ocr_par' dir='ltr' id='par_1_8' title="bbox 231 3240 1305 3352">
     <span class='ocr_line' id='line_1_20' title="bbox 231 3240 1305 3352; baseline 0.011 -39"><span class='ocrx_word' id='word_1_143' title='bbox 231 3241 438 3330; x_wconf 86' lang='lat' dir='ltr'>disciplinis</span> <span class='ocrx_word' id='word_1_144' title='bbox 470 3240 695 3328; x_wconf 84' lang='lat' dir='ltr'>processisse</span> <span class='ocrx_word' id='word_1_145' title='bbox 723 3242 813 3310; x_wconf 86' lang='lat' dir='ltr'>satis</span> <span class='ocrx_word' id='word_1_146' title='bbox 842 3253 998 3326; x_wconf 89' lang='lat' dir='ltr'>constat,</span> <span class='ocrx_word' id='word_1_147' title='bbox 1028 3247 1111 3352; x_wconf 64' lang='lat' dir='ltr'>haec</span> <span class='ocrx_word' id='word_1_148' title='bbox 1139 3254 1305 3326; x_wconf 86' lang='lat' dir='ltr'>scribit:</span> 
     </span>
    </p>
   </div>
   <div class='ocr_carea' id='block_1_7' title="bbox 233 3382 1308 3479">
    <p class='ocr_par' dir='ltr' id='par_1_9' title="bbox 233 3382 1308 3479">
     <span class='ocr_line' id='line_1_21' title="bbox 233 3382 1308 3479; baseline 0.002 -30"><span class='ocrx_word' id='word_1_149' title='bbox 233 3411 249 3479; x_wconf 74' lang='lat' dir='ltr'>n</span> <span class='ocrx_word' id='word_1_150' title='bbox 272 3383 376 3464; x_wconf 88' lang='lat' dir='ltr'>Quod</span> <span class='ocrx_word' id='word_1_151' title='bbox 396 3382 428 3449; x_wconf 87' lang='lat' dir='ltr'>si</span> <span class='ocrx_word' id='word_1_152' title='bbox 442 3391 495 3461; x_wconf 84' lang='lat' dir='ltr'>te,</span> <span class='ocrx_word' id='word_1_153' title='bbox 518 3382 689 3450; x_wconf 89' lang='lat' dir='ltr'>sacerdos</span> <span class='ocrx_word' id='word_1_154' title='bbox 715 3383 792 3462; x_wconf 87' lang='lat' dir='ltr'>Dei,</span> <span class='ocrx_word' id='word_1_155' title='bbox 820 3383 1044 3478; x_wconf 87' lang='lat' dir='ltr'>quicumque</span> <span class='ocrx_word' id='word_1_156' title='bbox 1065 3412 1118 3472; x_wconf 77' lang='lat' dir='ltr'>ee,</span> <span class='ocrx_word' id='word_1_157' title='bbox 1141 3396 1308 3468; x_wconf 88' lang='lat' dir='ltr'>Marcia.</span> 
     </span>
    </p>
   </div>
   <div class='ocr_carea' id='block_1_8' title="bbox 233 3509 1308 3618">
    <p class='ocr_par' dir='ltr' id='par_1_10' title="bbox 233 3509 1308 3618">
     <span class='ocr_line' id='line_1_22' title="bbox 233 3509 1308 3618; baseline 0.021 -29"><span class='ocrx_word' id='word_1_158' title='bbox 233 3551 249 3590; x_wconf 90' lang='grc'>«</span> <span class='ocrx_word' id='word_1_159' title='bbox 272 3545 344 3593; x_wconf 92' lang='lat' dir='ltr'>nus</span> <span class='ocrx_word' id='word_1_160' title='bbox 365 3533 490 3593; x_wconf 83' lang='lat' dir='ltr'>noster</span> <span class='ocrx_word' id='word_1_161' title='bbox 508 3509 646 3611; x_wconf 85' lang='lat' dir='ltr'>septem</span> <span class='ocrx_word' id='word_1_162' title='bbox 663 3522 868 3613; x_wconf 85' lang='lat' dir='ltr'>disciplinis</span> <span class='ocrx_word' id='word_1_163' title='bbox 887 3528 1032 3609; x_wconf 89' lang='lat' dir='ltr'>erudiit,</span> <span class='ocrx_word' id='word_1_164' title='bbox 1062 3532 1098 3600; x_wconf 92' lang='lat' dir='ltr'>id</span> <span class='ocrx_word' id='word_1_165' title='bbox 1120 3545 1189 3618; x_wconf 86' lang='lat' dir='ltr'>est,</span> <span class='ocrx_word' id='word_1_166' title='bbox 1214 3540 1246 3608; x_wconf 92' lang='lat' dir='ltr'>si</span> <span class='ocrx_word' id='word_1_167' title='bbox 1272 3551 1308 3612; x_wconf 89' lang='lat' dir='ltr'>te</span> 
     </span>
    </p>
   </div>
   <div class='ocr_carea' id='block_1_9' title="bbox 204 3778 1307 4240">
    <p class='ocr_par' dir='ltr' id='par_1_11' title="bbox 204 3778 1306 4058">
     <span class='ocr_line' id='line_1_23' title="bbox 265 3778 1306 3868; baseline 0.021 -34"><span class='ocrx_word' id='word_1_168' title='bbox 265 3780 302 3851; x_wconf 86' lang='lat' dir='ltr'>(l)</span> <span class='ocrx_word' id='word_1_169' title='bbox 319 3781 529 3838; x_wconf 78' lang='lat' dir='ltr'>Mabillonius,</span> <span class='ocrx_word' id='word_1_170' title='bbox 548 3780 625 3834; x_wconf 74' lang='lat' dir='ltr'>Acta</span> <span class='ocrx_word' id='word_1_171' title='bbox 642 3781 693 3831; x_wconf 85' lang='lat' dir='ltr'>SS.</span> <span class='ocrx_word' id='word_1_172' title='bbox 712 3780 783 3832; x_wconf 71' lang='grc' dir='ltr'>θνα.</span> <span class='ocrx_word' id='word_1_173' title='bbox 805 3778 843 3832; x_wconf 73' lang='lat' dir='ltr'>Sti</span> <span class='ocrx_word' id='word_1_174' title='bbox 855 3782 969 3838; x_wconf 79' lang='lat' dir='ltr'>Benaci.</span> <span class='ocrx_word' id='word_1_175' title='bbox 990 3787 1221 3864; x_wconf 75' lang='lat' dir='ltr'>Prn’fntionea,</span> <span class='ocrx_word' id='word_1_176' title='bbox 1238 3804 1259 3854; x_wconf 90' lang='lat' dir='ltr'>t.</span> <span class='ocrx_word' id='word_1_177' title='bbox 1282 3799 1306 3868; x_wconf 92' lang='lat' dir='ltr'>l,</span> 
     </span>
     <span class='ocr_line' id='line_1_24' title="bbox 251 3877 317 3936; baseline 0.076 -5"><span class='ocrx_word' id='word_1_178' title='bbox 251 3919 258 3931; x_wconf 88' lang='lat'><strong>.</strong></span> <span class='ocrx_word' id='word_1_179' title='bbox 274 3877 317 3936; x_wconf 80' lang='lat' dir='ltr'>aa.</span> 
     </span>
     <span class='ocr_line' id='line_1_25' title="bbox 204 3893 1053 4058; baseline 0.008 -29"><span class='ocrx_word' id='word_1_180' title='bbox 204 3987 208 3998; x_wconf 94' lang='grc'>·</span> <span class='ocrx_word' id='word_1_181' title='bbox 229 3893 247 3949; x_wconf 73' lang='lat' dir='ltr'><strong>p</strong></span> <span class='ocrx_word' id='word_1_182' title='bbox 263 3972 301 4043; x_wconf 81' lang='lat'>(2)</span> <span class='ocrx_word' id='word_1_183' title='bbox 317 3974 528 4033; x_wconf 84' lang='lat' dir='ltr'>Mabillonius.</span> <span class='ocrx_word' id='word_1_184' title='bbox 545 3974 624 4058; x_wconf 67' lang='lat' dir='ltr'>rictu</span> <span class='ocrx_word' id='word_1_185' title='bbox 638 3973 690 4024; x_wconf 85' lang='lat' dir='ltr'>SS.</span> <span class='ocrx_word' id='word_1_186' title='bbox 708 3971 779 4024; x_wconf 73' lang='lat' dir='ltr'>cru</span> <span class='ocrx_word' id='word_1_187' title='bbox 794 3971 832 4023; x_wconf 79' lang='lat' dir='ltr'>sn·</span> <span class='ocrx_word' id='word_1_188' title='bbox 844 3973 958 4030; x_wconf 75' lang='lat' dir='ltr'>Benaci.</span> <span class='ocrx_word' id='word_1_189' title='bbox 979 3977 1053 4038; x_wconf 88' lang='lat' dir='ltr'>lbid.</span> 
     </span>
    </p>

    <p class='ocr_par' dir='ltr' id='par_1_12' title="bbox 228 4066 1307 4240">
     <span class='ocr_line' id='line_1_26' title="bbox 262 4066 1307 4149; baseline 0.025 -27"><span class='ocrx_word' id='word_1_190' title='bbox 262 4068 301 4140; x_wconf 76' lang='grc'>(3)</span> <span class='ocrx_word' id='word_1_191' title='bbox 317 4073 360 4129; x_wconf 87' lang='lat' dir='ltr'>De</span> <span class='ocrx_word' id='word_1_192' title='bbox 373 4071 502 4145; x_wconf 80' lang='lat' dir='ltr'>Nuptiis</span> <span class='ocrx_word' id='word_1_193' title='bbox 519 4066 701 4135; x_wconf 73' lang='lat' dir='ltr'>Philotopioe</span> <span class='ocrx_word' id='word_1_194' title='bbox 716 4071 745 4122; x_wconf 84' lang='lat' dir='ltr'>ct</span> <span class='ocrx_word' id='word_1_195' title='bbox 763 4069 919 4125; x_wconf 84' lang='lat' dir='ltr'>Mercurii</span> <span class='ocrx_word' id='word_1_196' title='bbox 933 4078 962 4128; x_wconf 86' lang='lat' dir='ltr'>et</span> <span class='ocrx_word' id='word_1_197' title='bbox 981 4078 1019 4130; x_wconf 83' lang='lat' dir='ltr'>ate</span> <span class='ocrx_word' id='word_1_198' title='bbox 1035 4086 1153 4149; x_wconf 83' lang='lat' dir='ltr'>septem</span> <span class='ocrx_word' id='word_1_199' title='bbox 1171 4088 1307 4147; x_wconf 78' lang='lat' dir='ltr'>ortibus</span> 
     </span>
     <span class='ocr_line' id='line_1_27' title="bbox 228 4163 575 4240; baseline 0.003 -22"><span class='ocrx_word' id='word_1_200' title='bbox 228 4163 420 4240; x_wconf 75' lang='lat' dir='ltr'>titernnons,</span> <span class='ocrx_word' id='word_1_201' title='bbox 436 4169 505 4225; x_wconf 86' lang='lat' dir='ltr'>libri</span> <span class='ocrx_word' id='word_1_202' title='bbox 522 4166 575 4221; x_wconf 82' lang='lat' dir='ltr'>IX.</span> 
     </span>
    </p>
   </div>
   <div class='ocr_carea' id='block_1_10' title="bbox 0 0 1534 4960">
    <p class='ocr_par' dir='ltr' id='par_1_13' title="bbox 0 0 1534 4960">
     <span class='ocr_line' id='line_1_28' title="bbox 0 0 1534 4960; baseline 0 3"><span class='ocrx_word' id='word_1_203' title='bbox 0 0 1534 4960; x_wconf 95' lang='lat' dir='ltr'> </span> 
     </span>
    </p>
   </div>
  </div>
 </body>
</html>
