3072 4956
631 550 674 562 --
698 511 742 580 93
766 551 809 562 m

185 755 202 794 «
224 730 437 799 memoriter
457 739 637 801 teneant»
661 734 722 820 (1).
740 733 820 813 Quo
836 733 877 801 fit
891 742 931 802 ut
946 734 1152 816 Rusticula,
1170 757 1256 827 quae

183 881 268 965 post
294 874 495 944 Caesa'riam
525 875 746 967 parthenoni
780 877 910 957 eidem,
938 887 1096 966 praeerat
1123 905 1139 943 α
1157 875 1255 948 intra

185 1044 202 1082 n
226 1039 341 1108 pauca
356 1025 564 1109 temporum
582 1020 699 1110 spatia
716 1021 888 1089 Psalmos
908 1041 1039 1090 omnes
1053 1021 1254 1102 didicisset,

186 1189 204 1226 «
225 1171 259 1230 et
292 1183 423 1230 omnes
457 1163 666 1252 Scripturas
699 1163 846 1257 divinas
880 1143 1093 1234 memoriter
1127 1164 1256 1235 retine-

187 1333 203 1370 «
228 1314 314 1374 ret»
338 1307 400 1395 (2).
423 1307 560 1374 Eodem
578 1315 739 1396 tempore
754 1307 898 1388 Avitus,
915 1308 1142 1377 Viennensis
1163 1309 1256 1398 epis-

184 1472 313 1540 copus,
332 1450 369 1518 In
393 1471 434 1518 eo
455 1450 548 1518 libro
577 1471 687 1540 quem
707 1452 751 1519 de
774 1456 898 1519 Laude
918 1455 1112 1521 dualitatis
1133 1452 1257 1521 Fusci-

186 1595 262 1664 niae
286 1594 406 1662 sorori
428 1615 508 1662 suae
534 1593 775 1674 dedicaverat,
800 1595 934 1662 Sacros
961 1595 1092 1664 Libros
1111 1615 1259 1664 omnes*

187 1761 261 1831 que
280 1747 407 1829 poetas
427 1737 654 1806 christianos
674 1760 755 1807 eam
779 1738 913 1825 legisse
933 1748 1126 1810 memorat.
1159 1741 1257 1809 Idem

187 1885 263 1952 fere
279 1882 324 1950 de
345 1882 572 1968 Radegunde
599 1890 785 1962 narratur,
808 1903 893 1973 quae
920 1908 935 1946 «
958 1893 1043 1951 eum
1064 1905 1083 1950 a
1108 1883 1259 1952 medita-

188 2052 205 2089 «
229 2025 327 2094 tione
351 2024 587 2093 Psalmorum
612 2033 675 2093 aut
701 2023 963 2114 praedicatione
992 2035 1138 2094 cessare
1162 2025 1258 2095 vide-

189 2196 206 2234 «
230 2178 343 2249 retur,
367 2169 494 2237 lectrix
520 2177 605 2236 ante
631 2188 712 2236 eam
741 2189 814 2236 una
842 2167 1113 2237 monacharum
1141 2169 1260 2256 legere

190 2333 205 2370 a
230 2326 306 2373 non
331 2303 572 2372 desistebat...
604 2303 696 2370 Cum
724 2311 809 2370 ante
833 2323 913 2370 eam
934 2303 1076 2371 vicibus
1100 2311 1262 2371 cessaret

190 2469 207 2502 «
230 2438 348 2518 leche,
381 2458 586 2528 numquam
620 2435 801 2516 discessit,
834 2457 908 2505 non
940 2437 1010 2516 die,
1038 2458 1114 2505 non
1140 2441 1257 2518 nocte,

190 2601 207 2639 a
232 2595 308 2641 non
323 2573 413 2643 dum
434 2571 488 2639 rel
509 2570 701 2660 paululum
722 2591 857 2659 corpus
878 2591 989 2638 suum
1008 2570 1172 2639 refecit...
1190 2570 1261 2642 Ubi

191 2740 207 2778 «
230 2735 250 2780 a
273 2711 428 2780 lectione
452 2718 676 2778 cessasset„
705 2708 825 2776 aiebat
853 2731 861 2775 ε
888 2729 1003 2798 quare
1023 2712 1150 2780 taces?
1170 2708 1260 2794 lege,

191 2874 207 2912 «
231 2869 277 2915 ne
303 2867 427 2915 cesses
452 2871 468 2908 n
499 2845 560 2931 (3).
596 2843 750 2910 Minime
770 2842 883 2928 igitur
903 2842 1117 2911 mirandum
1138 2851 1195 2910 est
1216 2841 1261 2921 si,

190 2991 281 3051 teste
319 2982 534 3057 Fortunata,
580 2976 747 3044 lectionis
782 2975 888 3043 arida
932 2975 1173 3062 Radegundis
1212 2984 1264 3043 tot

191 3115 321 3193 libros,
361 3111 438 3178 sive
476 3130 522 3177 ex
560 3108 685 3176 latinis
724 3108 800 3177 sire
838 3129 883 3176 ex
916 3107 1050 3194 graecis
1080 3085 1261 3196 patrihuS,

193 3245 320 3342 poetas
347 3246 529 3337 quosdam
550 3242 795 3322 Christianos,
824 3242 861 3310 in
891 3241 1029 3332 quihus
1054 3241 1259 3332 Sedulium‚

193 3384 468 3473 scriptoresque
489 3377 697 3457 historicos,
720 3377 816 3445 inter
836 3398 930 3467 quos
950 3375 1124 3445 Orosium
1152 3376 1264 3466 perle-

193 3518 288 3608 gerit
310 3518 370 3608 (4).
402 3505 473 3584 Sed
503 3521 542 3581 ut
561 3511 686 3601 opinio
707 3519 821 3579 monh
851 3509 957 3578 Iaeile
984 3511 1155 3592 occurrit,
1187 3530 1262 3578 non

193 3661 340 3723 tantum
361 3649 445 3730 sihi,
464 3647 527 3716 sed
548 3645 723 3715 omnihus
744 3645 782 3712 in
804 3644 1032 3734 parthenone
1047 3644 1266 3740 degentibus

229 3866 269 3936 (t)
286 3865 428 3919 Martene
446 3875 459 3916 v:
482 3863 612 3926 Anecd,
641 3865 660 3913 t.
689 3857 710 3913 I.
733 3877 761 3932 p.
784 3857 841 3913 3-6.
865 3858 961 3931 Epist.
984 3863 1101 3915 sanetae
1117 3858 1266 3916 Caesarioe

194 3955 232 4010 ad
250 3951 422 4010 RIchildem
439 3957 469 4005 et
486 3948 718 4020 Radegundem.

230 4056 271 4123 (2)
286 4055 365 4107 Acta
379 4052 444 4116 SS,
460 4053 480 4103 t.
499 4048 536 4112 II,
552 4049 631 4116 Aug.
648 4065 676 4118 p.
692 4045 755 4101 659.
807 4091 833 4110 ,.

166 4167 172 4182 ·
233 4151 271 4221 (3)
298 4149 368 4205 Vita
391 4152 509 4203 sanctur
533 4143 741 4213 Rauepanais
771 4161 786 4199 a
815 4144 1005 4200 BaudonIvia
1032 4145 1155 4218 scripta.
1187 4145 1268 4219 apud

196 4240 358 4298 Mahillon.
373 4241 439 4294 Aet.
458 4240 510 4303 SS,
527 4240 596 4292 ord.
613 4235 650 4289 su
665 4237 752 4302 Bon,
768 4241 787 4289 t.
805 4236 826 4302 I,
844 4252 872 4307 p.
889 4232 952 4290 314.

232 4340 270 4412 (4)
288 4339 325 4394 V.
344 4338 494 4394 Fortunat
508 4351 514 4391 :
528 4333 659 4391 MiscelI.
675 4333 789 4392 Patrol.
804 4333 868 4398 Iat,
885 4337 905 4391 t.
922 4331 1120 4401 LXXXVIII,
1138 4331 1268 4392 colace.
