3072 4956
638 475 815 546 ...89-

233 691 327 768 Cani
346 713 430 770 vero
459 695 736 790 Radegund'ern'
753 711 787 771 et
815 704 1009 790 Agnetern
1038 701 1259 772 Pictaviensi

188 844 414 912 monasterio
435 846 656 934 praelectam,
683 845 898 936 alloquitur,
920 845 1085 935 ejusdem
1106 815 1259 914 Caesarii

188 985 327 1072 regulae
347 988 516 1056 meminit
535 983 640 1078 poeta
664 1011 671 1056 :

312 1157 363 1212 Sic
379 1175 434 1213 vos
451 1149 580 1214 Caesarii
595 1159 721 1214 monitis
735 1151 835 1214 honor
850 1164 939 1214 ornet
954 1159 984 1213 in
1002 1153 1087 1223 orbe,

372 1256 487 1328 Atque·
499 1256 608 1312 ambas
622 1273 693 1313 carc
709 1273 779 1312 curn
796 1256 1040 1330 pausChristus
1057 1262 1138 1312 amet
1152 1257 1204 1330 (l).

231 1410 348 1477 Porro
379 1409 476 1496 quod
493 1409 640 1479 ‘ex‘his
668 1409 891 1480 testimoniis
919 1409 1109 1482 derivatur
1138 1427 1259 1480 exem·

188 1553 304 1642 plum,
325 1573 402 1620 nan
421 1574 462 1622 ea
484 1561 628 1622 tanturn
649 1553 683 1620 vi
700 1553 837 1643 potitur
857 1562 897 1623 ut
918 1553 1259 1642 recte'intelligatur

190 1696 460 1764 monasterium
494 1696 735 1777 Pictaviense‚
771 1696 999 1784 Radegunde
1036 1697 1198 1787 auspice,
1238 1719 1258 1766 a

188 1812 351 1909 Caesarie
374 1841 582 1910 Arelatensi
602 1841 774 1929 regulam
799 1841 1041 1932 institutaque
1068 1863 1135 1911 sua
1161 1863 1259 1910 acce·

191 1984 302 2072 pisse,
321 1985 385 2054 sed
406 1985 515 2054 etiarn
536 1967 754 2054 firmissima
774 1985 942 2076 exemplo
962 1985 1096 2054 evincit
1115 1985 1258 2075 parthe·

188 2128 301 2197 nonis
326 2129 557 2197 Arelatensis
589 2129 844 2199 auctoritatem
878 2137 967 2198 tarn
985 2131 1055 2198 late
1082 2130 1258 2198 diffusam

187 2271 314 2352 fuisse,
347 2281 483 2369 utnon
505 2281 649 2340 tanturn
677 2273 723 2341 ad
742 2271 993 2342 pictavienses
1014 2273 1077 2340 sed
1098 2271 1257 2342 adruul-

186 2425 244 2484 tas
264 2416 399 2496 ¹saltem
422 2417 552 2486 Galliae
577 2417 746 2504 regiones
770 2417 1040 2486 extenderetur.
1066 2416 1182 2505 Cujus
1206 2415 1257 2484 rei

185 2558 364 2628 indicium
386 2560 454 2628 crit
473 2559 584 2629 etiarn
608 2560 858 2628 certissimum
883 2559 1030 2649 prppria
1057 2558 1258 2628 aucteritas

185 2722 257 2792 qua
276 2693 355 2791 ipse
379 2701 566 2770 Caesarius
584 2722 648 2791 per
668 2702 806 2791 multos
823 2722 946 2770 annos
966 2701 1015 2770 ita
1034 2700 1114 2769 fuit
1126 2698 1257 2789 praedi·

185 2851 246 2911 tus
279 2853 319 2912 ut
352 2843 606 2912 Occidentales
635 2843 808 2912 ecclesias
842 2863 912 2912 suo
950 2841 1102 2912 nomine
1132 2861 1257 2928 regere

185 2975 406 3053 videretur.¹
516 3001 518 3006 ·

190 3133 192 3136 ’
230 3131 322 3211 Quae
341 3149 426 3198 curn
447 3129 496 3197 ita
513 3128 588 3197 sint
608 3137 642 3198 et
658 3129 797 3216 regulae
820 3127 936 3198 sancti
960 3126 1112 3196 Caesarii
1133 3135 1240 3194 aucto

186 3274 277 3343 ritas
296 3274 386 3342 citra
416 3273 571 3343 dubium
593 3273 711 3363 posita
743 3269 791 3341 sit
830 3281 870 3340 ut
894 3272 999 3362 plura
1024 3248 1252 3349 omittamus

185 3439 267 3508 quae
293 3417 438 3486 adrem
464 3425 631 3484 nostram
654 3415 781 3484 minus
808 3415 990 3506 pertinere
1010 3383 1193 3493 videntur,
1213 3435 1254 3481 ea

186 3566 329 3626 tantum
351 3579 435 3648 quae
461 3558 507 3626 ad
531 3557 736 3624 litterarum
756 3556 895 3624 culturn
917 3537 1102 3645 pertinent
1121 3553 1262 3630 referre,

186 3701 278 3768 satis
311 3719 393 3768 esse
421 3721 566 3769 censeo,
605 3671 720 3767 Perre
743 3679 774 3766 'a
807 3670 969 3766 Caesario
1002 3695 1256 3786 praescribitur

186 3839 394 3929 virginibus
424 3851 464 3910 ut
494 3867 510 3906 «
528 3835 664 3910 'ornnes
689 3840 829 3909 litteras
857 3837 1015 3917 discant,
1044 3837 1146 3906 ornni
1167 3845 1255 3905 tern-

188 4010 204 4048 «
226 4006 326 4075 pare,
354 3985 500 4056 duabus
530 3985 646 4065 hcriS,
678 3984 747 4055 hec
780 3991 836 4060 est
866 4004 887 4051 a
919 4002 1028 4050 mane
1059 4000 1178 4072 usque
1208 3978 1254 4048 ad

219 4209 260 4283 (l)
275 4209 421 4267 Venantii
435 4209 596 4267 Fortunati
613 4209 725 4282 Opera.
742 4207 874 4274 Miscet,
889 4205 1043 4282 appendix
1057 4206 1067 4260 1
1082 4205 1120 4262 ad
1136 4203 1252 4276 Radeg.

186 4313 216 4364 ct
230 4309 309 4381 Agn.
960 4301 963 4308 ’

1187 4427 1201 4474 'l
