3072 4956
736 493 912 561 ,78-

259 756 264 768 =
291 715 420 803 logicis
444 716 592 806 scriptis
617 718 697 786 suis
721 718 941 788 Lerinenses
970 714 1232 790 extramuros
1257 743 1357 790 asse-

289 859 362 929 cuti
397 837 497 929 sunt.
533 863 623 930 Eam
653 863 752 931 enim
786 863 902 933 fuisse
935 865 1063 934 dicunt
1095 865 1356 933 Lerinensinm

288 1003 545 1076 auctoritatam
570 1027 652 1096 quae
681 1005 719 1074 in
744 1006 942 1093 vulgandis
971 1006 1185 1076 christianae
1212 1007 1356 1095 religio-

289 1146 349 1240 nis
381 1147 559 1217 doctrinis
592 1149 709 1218 multo
742 1150 863 1237 magis
895 1159 1038 1219 versata
1068 1150 1128 1230 sit,
1164 1172 1276 1242 quam
1316 1148 1355 1219 in

278 1275 524 1376 'monasteriis
548 1293 783 1361 exstruendis
808 1294 862 1361 rel
890 1294 928 1361 in
949 1293 1197 1362 informandis
1216 1269 1356 1383 episco-

277 1409 356 1524 pis.
387 1434 518 1514 Quam,
545 1433 695 1504 ineunte
725 1436 849 1505 seculo
873 1437 1015 1527 quinto,
1046 1437 1130 1506 data
1160 1437 1356 1505 occasione

277 1559 532 1664 celeberrimee
557 1578 652 1647 inter
670 1579 838 1648 doctores
857 1579 1082 1648 christianos
1102 1580 1355 1649 contentionis
1390 1630 1393 1638 ,

286 1743 357 1814 qua
379 1721 417 1789 in
438 1721 532 1791 duas
553 1732 676 1812 partes
695 1723 846 1792 ecclesia
865 1724 1102 1792 occidentalis
1124 1723 1352 1802 trahebatur,

277 1841 511 1934 ¹exorientem
536 1865 804 1936 demonstrant.
835 1870 982 1935 Norunt
1009 1888 1140 1935 omnes
1169 1875 1352 1957 quantum

285 2008 582 2105 allaboraverint,
624 2011 846 2101 quicumque
887 2010 922 2079 id
957 2009 1141 2101 prosecuti
1183 2009 1271 2088 sint,
1314 2017 1354 2076 ut

285 2152 442 2222 liberum
470 2153 636 2222 bominis
665 2155 859 2224 arbitrium
883 2164 918 2224 et
941 2176 1022 2224 eam
1047 2175 1160 2246 quam
1184 2155 1353 2240 pretioue

271 2306 417 2365 uocant
436 2296 532 2365 inter
552 2318 591 2365 se
611 2298 862 2367 conciliarent.
885 2298 1069 2370 Omnibus
1089 2295 1238 2366 difficile
1258 2316 1353 2384 opus

274 2439 514 2509 ¹tentantibus
548 2440 751 2528 periculum
780 2450 858 2508 erat
886 2461 933 2509 ne
958 2462 978 2507 a
1005 2440 1063 2508 via
1090 2438 1223 2518 media,
1252 2435 1353 2506 tenui

284 2583 433 2674 quidem
453 2584 682 2673 obscureque
706 2584 864 2670 signata,
888 2583 1097 2652 recedentes
1120 2582 1177 2650 vel
1201 2580 1247 2649 ad
1269 2581 1354 2650 dex-

284 2735 413 2806 teram,
439 2727 494 2794 vel
517 2727 564 2794 ad
584 2726 776 2796 sinistram
810 2727 970 2816 pessime
1002 2733 1239 2812 vagarentur,
1277 2724 1354 2790 sive

270 2871 440 2946 ¹libertati
463 2869 640 2942 humanae
661 2870 818 2938 nimium
840 2870 1046 2949 tribuend0,
1069 2869 1146 2937 sive
1165 2867 1285 2936 eidem
1302 2865 1354 2933 ni-

172 3098 177 3108 ·
283 3014 400 3083 mium
427 3012 666 3082 detrahendo
696 3011 733 3080 ld
754 3013 852 3081 enim
877 3013 1081 3102 pericnlum
1106 3011 1203 3078 male
1227 3007 1354 3114 vitavit

282 3159 456 3246 Pelagius
481 3157 557 3248 qui,
588 3178 673 3224 cum
702 3157 748 3224 ad
781 3156 985 3224 libertatem
1014 3155 1179 3224 bominis
1209 3151 1353 3221 felicius

283 3299 505 3369 servandam
544 3297 808 3386 tuendamque,-
846 3297 979 3366 Adami
1022 3319 1151 3370 casum
1190 3295 1352 3382 origina-

283 3446 428 3534 lemque
449 3442 602 3518 ruinam,
619 3447 780 3526 negaret,
803 3439 1080 3529 humanamque
1101 3448 1277 3506 naturam
1302 3437 1351 3505 ita

281 3608 414 3656 sanam
446 3585 709 3672 wintegramque
744 3581 968 3670 praedicaret,
1003 3602 1088 3672 quae
1125 3579 1160 3647 vi
1199 3578 1350 3668 propria

280 3739 418 3808 actum,
444 3748 555 3818 quem
575 3722 896 3814 supernaturalem
916 3732 1058 3802 vocant,
1080 3722 1187 3791 edere
1212 3727 1349 3811 posset,

279 3871 536 3961 Augustinum
557 3869 627 3938 sibi
648 3866 876 3936 contrarium
897 3864 1059 3932 offendit.
1081 3868 1156 3932 Nec
1176 3861 1350 3954 estquod

278 4021 323 4090 de
343 4014 483 4102 Pelagii
503 4033 627 4082 errore
648 4010 753 4099 plura
774 4007 834 4076 hio
854 4007 1089 4075 misceamus.

322 4165 498 4231 Attamen
527 4154 616 4223 dnm
644 4171 769 4218 veram
793 4147 998 4216 doctrinam
1025 4148 1140 4216 multa
1167 4148 1349 4216 librorum

277 4304 595 4398 epistolarumque
610 4290 856 4384 suppellectili
877 4312 897 4358 a
917 4283 1055 4376 Pelagii
1076 4290 1232 4379 ejusque
1251 4307 1350 4358 asse-
