<?xml version="1.0" encoding="UTF-8"?>
<!DOCTYPE html PUBLIC "-//W3C//DTD XHTML 1.0 Transitional//EN"
    "http://www.w3.org/TR/xhtml1/DTD/xhtml1-transitional.dtd">
<html xmlns="http://www.w3.org/1999/xhtml" xml:lang="en" lang="en">
 <head>
  <title>
</title>
<meta http-equiv="Content-Type" content="text/html;charset=utf-8" />
  <meta name='ocr-system' content='tesseract 3.04.00' />
  <meta name='ocr-capabilities' content='ocr_page ocr_carea ocr_par ocr_line ocrx_word'/>
</head>
<body>
  <div class='ocr_page' id='page_1' title='image "./descholalerinen00lahagoog_0130.png"; bbox 0 0 3072 4956; ppageno 0'>
   <div class='ocr_carea' id='block_1_1' title="bbox 626 504 827 572">
    <p class='ocr_par' dir='ltr' id='par_1_1' title="bbox 626 504 827 572">
     <span class='ocr_line' id='line_1_1' title="bbox 626 504 827 572; baseline -0.005 0"><span class='ocrx_word' id='word_1_1' title='bbox 626 504 827 572; x_wconf 82' lang='lat'>-109-</span> 
     </span>
    </p>
   </div>
   <div class='ocr_carea' id='block_1_2' title="bbox 156 726 1305 2393">
    <p class='ocr_par' dir='ltr' id='par_1_2' title="bbox 156 726 1305 2393">
     <span class='ocr_line' id='line_1_2' title="bbox 195 726 1261 817; baseline 0.003 -22"><span class='ocrx_word' id='word_1_2' title='bbox 195 735 318 796; x_wconf 89' lang='lat' dir='ltr'>tamen</span> <span class='ocrx_word' id='word_1_3' title='bbox 348 726 394 795; x_wconf 92' lang='lat' dir='ltr'>ab</span> <span class='ocrx_word' id='word_1_4' title='bbox 420 726 504 796; x_wconf 89' lang='lat' dir='ltr'>aliis</span> <span class='ocrx_word' id='word_1_5' title='bbox 529 727 606 816; x_wconf 88' lang='lat' dir='ltr'>jam</span> <span class='ocrx_word' id='word_1_6' title='bbox 627 737 713 796; x_wconf 88' lang='lat' dir='ltr'>ante</span> <span class='ocrx_word' id='word_1_7' title='bbox 745 727 860 817; x_wconf 87' lang='lat' dir='ltr'>ipsos,</span> <span class='ocrx_word' id='word_1_8' title='bbox 896 727 966 796; x_wconf 90' lang='lat' dir='ltr'>sub</span> <span class='ocrx_word' id='word_1_9' title='bbox 1000 727 1113 796; x_wconf 85' lang='lat' dir='ltr'>finem</span> <span class='ocrx_word' id='word_1_10' title='bbox 1147 729 1261 798; x_wconf 89' lang='lat' dir='ltr'>seculi</span> 
     </span>
     <span class='ocr_line' id='line_1_3' title="bbox 194 869 1263 963; baseline 0.003 -25"><span class='ocrx_word' id='word_1_11' title='bbox 194 869 354 960; x_wconf 86' lang='lat' dir='ltr'>septimi,</span> <span class='ocrx_word' id='word_1_12' title='bbox 372 891 466 960; x_wconf 88' lang='lat' dir='ltr'>opus</span> <span class='ocrx_word' id='word_1_13' title='bbox 486 870 673 960; x_wconf 90' lang='lat' dir='ltr'>inceptum</span> <span class='ocrx_word' id='word_1_14' title='bbox 694 871 810 940; x_wconf 84' lang='lat' dir='ltr'>fuisse</span> <span class='ocrx_word' id='word_1_15' title='bbox 829 893 937 963; x_wconf 88' lang='lat' dir='ltr'>:quae</span> <span class='ocrx_word' id='word_1_16' title='bbox 956 871 1101 941; x_wconf 79' lang='lat' dir='ltr'>occasio</span> <span class='ocrx_word' id='word_1_17' title='bbox 1120 872 1200 953; x_wconf 90' lang='lat' dir='ltr'>erit,</span> <span class='ocrx_word' id='word_1_18' title='bbox 1223 881 1263 941; x_wconf 94' lang='lat' dir='ltr'>ut</span> 
     </span>
     <span class='ocr_line' id='line_1_4' title="bbox 193 981 1305 1106; baseline 0.003 -25"><span class='ocrx_word' id='word_1_19' title='bbox 193 1013 429 1104; x_wconf 75' lang='lat' dir='ltr'>inquiramus</span> <span class='ocrx_word' id='word_1_20' title='bbox 458 1034 570 1104; x_wconf 88' lang='lat' dir='ltr'>quam</span> <span class='ocrx_word' id='word_1_21' title='bbox 604 1013 643 1080; x_wconf 95' lang='lat' dir='ltr'>in</span> <span class='ocrx_word' id='word_1_22' title='bbox 668 1034 708 1082; x_wconf 91' lang='lat' dir='ltr'>ea</span> <span class='ocrx_word' id='word_1_23' title='bbox 732 1035 769 1081; x_wconf 93' lang='lat' dir='ltr'>re</span> <span class='ocrx_word' id='word_1_24' title='bbox 792 993 932 1102; x_wconf 85' lang='lat' dir='ltr'>partem</span> <span class='ocrx_word' id='word_1_25' title='bbox 962 1013 1132 1083; x_wconf 78' lang='lat' dir='ltr'>habuerit</span> <span class='ocrx_word' id='word_1_26' title='bbox 1160 1024 1263 1106; x_wconf 87' lang='lat' dir='ltr'>quot—</span> <span class='ocrx_word' id='word_1_27' title='bbox 1302 981 1305 990; x_wconf 19' lang='lat' dir='ltr'><em>V</em></span> 
     </span>
     <span class='ocr_line' id='line_1_5' title="bbox 193 1157 1261 1248; baseline 0.003 -23"><span class='ocrx_word' id='word_1_28' title='bbox 193 1179 265 1248; x_wconf 89' lang='lat' dir='ltr'>que</span> <span class='ocrx_word' id='word_1_29' title='bbox 285 1157 403 1226; x_wconf 87' lang='lat' dir='ltr'>officia</span> <span class='ocrx_word' id='word_1_30' title='bbox 424 1157 463 1224; x_wconf 94' lang='lat' dir='ltr'>in</span> <span class='ocrx_word' id='word_1_31' title='bbox 482 1157 658 1244; x_wconf 84' lang='lat' dir='ltr'>Angliam</span> <span class='ocrx_word' id='word_1_32' title='bbox 678 1157 874 1226; x_wconf 88' lang='lat' dir='ltr'>contulerit</span> <span class='ocrx_word' id='word_1_33' title='bbox 893 1157 1109 1226; x_wconf 88' lang='lat' dir='ltr'>Lerinensis</span> <span class='ocrx_word' id='word_1_34' title='bbox 1125 1158 1261 1228; x_wconf 90' lang='lat' dir='ltr'>insula.</span> 
     </span>
     <span class='ocr_line' id='line_1_6' title="bbox 239 1299 1263 1389; baseline 0.002 -21"><span class='ocrx_word' id='word_1_35' title='bbox 239 1299 343 1389; x_wconf 90' lang='lat' dir='ltr'>Opus</span> <span class='ocrx_word' id='word_1_36' title='bbox 374 1308 497 1369; x_wconf 83' lang='lat' dir='ltr'>autem</span> <span class='ocrx_word' id='word_1_37' title='bbox 533 1299 847 1368; x_wconf 88' lang='lat' dir='ltr'>restituendarum</span> <span class='ocrx_word' id='word_1_38' title='bbox 880 1299 1093 1368; x_wconf 86' lang='lat' dir='ltr'>scholarum</span> <span class='ocrx_word' id='word_1_39' title='bbox 1129 1301 1263 1370; x_wconf 86' lang='lat' dir='ltr'>littera-</span> 
     </span>
     <span class='ocr_line' id='line_1_7' title="bbox 196 1443 1264 1534; baseline 0.003 -23"><span class='ocrx_word' id='word_1_40' title='bbox 196 1464 353 1534; x_wconf 87' lang='lat' dir='ltr'>rumque</span> <span class='ocrx_word' id='word_1_41' title='bbox 381 1455 416 1512; x_wconf 91' lang='lat' dir='ltr'>et</span> <span class='ocrx_word' id='word_1_42' title='bbox 441 1443 646 1533; x_wconf 87' lang='lat' dir='ltr'>disciplinae</span> <span class='ocrx_word' id='word_1_43' title='bbox 679 1444 894 1512; x_wconf 87' lang='lat' dir='ltr'>monasticae</span> <span class='ocrx_word' id='word_1_44' title='bbox 926 1444 1089 1534; x_wconf 79' lang='lat' dir='ltr'>suscepit</span> <span class='ocrx_word' id='word_1_45' title='bbox 1116 1446 1264 1532; x_wconf 85' lang='lat' dir='ltr'>Anglus</span> 
     </span>
     <span class='ocr_line' id='line_1_8' title="bbox 194 1572 1265 1679; baseline 0.001 -22"><span class='ocrx_word' id='word_1_46' title='bbox 194 1588 365 1679; x_wconf 84' lang='lat' dir='ltr'>quidam,</span> <span class='ocrx_word' id='word_1_47' title='bbox 405 1588 626 1657; x_wconf 78' lang='lat' dir='ltr'>Benedictus</span> <span class='ocrx_word' id='word_1_48' title='bbox 664 1572 827 1669; x_wconf 90' lang='lat' dir='ltr'>nomine,</span> <span class='ocrx_word' id='word_1_49' title='bbox 874 1589 1097 1676; x_wconf 84' lang='lat' dir='ltr'>cognomine</span> <span class='ocrx_word' id='word_1_50' title='bbox 1142 1597 1265 1658; x_wconf 90' lang='lat' dir='ltr'>autem</span> 
     </span>
     <span class='ocr_line' id='line_1_9' title="bbox 194 1732 1263 1834; baseline 0.002 -35"><span class='ocrx_word' id='word_1_51' title='bbox 194 1732 388 1822; x_wconf 89' lang='lat' dir='ltr'>Biscopus‚</span> <span class='ocrx_word' id='word_1_52' title='bbox 417 1733 493 1823; x_wconf 84' lang='lat' dir='ltr'>qui,</span> <span class='ocrx_word' id='word_1_53' title='bbox 522 1753 606 1801; x_wconf 92' lang='lat' dir='ltr'>cum</span> <span class='ocrx_word' id='word_1_54' title='bbox 633 1740 744 1801; x_wconf 90' lang='lat' dir='ltr'>natus</span> <span class='ocrx_word' id='word_1_55' title='bbox 771 1741 868 1801; x_wconf 89' lang='lat' dir='ltr'>esset</span> <span class='ocrx_word' id='word_1_56' title='bbox 901 1753 1000 1834; x_wconf 91' lang='lat' dir='ltr'>anno</span> <span class='ocrx_word' id='word_1_57' title='bbox 1028 1733 1263 1813; x_wconf 79' lang='lat' dir='ltr'>DCXXVHL</span> 
     </span>
     <span class='ocr_line' id='line_1_10' title="bbox 195 1874 1264 1965; baseline 0 -23"><span class='ocrx_word' id='word_1_58' title='bbox 195 1895 338 1944; x_wconf 92' lang='lat' dir='ltr'>annum</span> <span class='ocrx_word' id='word_1_59' title='bbox 363 1894 479 1961; x_wconf 81' lang='lat' dir='ltr'>agens</span> <span class='ocrx_word' id='word_1_60' title='bbox 505 1875 579 1943; x_wconf 86' lang='lat' dir='ltr'>fere</span> <span class='ocrx_word' id='word_1_61' title='bbox 603 1874 824 1962; x_wconf 86' lang='lat' dir='ltr'>vigesimum</span> <span class='ocrx_word' id='word_1_62' title='bbox 852 1874 1039 1965; x_wconf 89' lang='lat' dir='ltr'>quintum,</span> <span class='ocrx_word' id='word_1_63' title='bbox 1075 1874 1264 1944; x_wconf 92' lang='lat' dir='ltr'>communi</span> 
     </span>
     <span class='ocr_line' id='line_1_11' title="bbox 196 2018 1266 2100; baseline 0 -12"><span class='ocrx_word' id='word_1_64' title='bbox 196 2018 393 2088; x_wconf 91' lang='lat' dir='ltr'>hominum</span> <span class='ocrx_word' id='word_1_65' title='bbox 441 2019 613 2087; x_wconf 90' lang='lat' dir='ltr'>societate</span> <span class='ocrx_word' id='word_1_66' title='bbox 659 2019 839 2100; x_wconf 90' lang='lat' dir='ltr'>abdicata,</span> <span class='ocrx_word' id='word_1_67' title='bbox 893 2019 1139 2087; x_wconf 90' lang='lat' dir='ltr'>monasticam</span> <span class='ocrx_word' id='word_1_68' title='bbox 1185 2018 1266 2088; x_wconf 84' lang='lat' dir='ltr'>vitae</span> 
     </span>
     <span class='ocr_line' id='line_1_12' title="bbox 196 2157 1266 2252; baseline -0.001 -21"><span class='ocrx_word' id='word_1_69' title='bbox 196 2157 378 2230; x_wconf 88' lang='lat' dir='ltr'>rationem</span> <span class='ocrx_word' id='word_1_70' title='bbox 399 2161 493 2229; x_wconf 89' lang='lat' dir='ltr'>inire</span> <span class='ocrx_word' id='word_1_71' title='bbox 514 2161 652 2229; x_wconf 89' lang='lat' dir='ltr'>statuit.</span> <span class='ocrx_word' id='word_1_72' title='bbox 680 2162 772 2230; x_wconf 90' lang='lat' dir='ltr'>Cum</span> <span class='ocrx_word' id='word_1_73' title='bbox 802 2164 961 2229; x_wconf 88' lang='lat' dir='ltr'>Romam</span> <span class='ocrx_word' id='word_1_74' title='bbox 988 2162 1122 2231; x_wconf 89' lang='lat' dir='ltr'>iterum</span> <span class='ocrx_word' id='word_1_75' title='bbox 1143 2161 1266 2252; x_wconf 84' lang='lat' dir='ltr'>petiis-</span> 
     </span>
     <span class='ocr_line' id='line_1_13' title="bbox 156 2295 1266 2393; baseline 0 -20"><span class='ocrx_word' id='word_1_76' title='bbox 156 2295 157 2300; x_wconf 57' lang='grc'>’</span> <span class='ocrx_word' id='word_1_77' title='bbox 196 2312 263 2385; x_wconf 85' lang='lat' dir='ltr'>set,</span> <span class='ocrx_word' id='word_1_78' title='bbox 288 2331 305 2369; x_wconf 76' lang='lat' dir='ltr'>a</span> <span class='ocrx_word' id='word_1_79' title='bbox 328 2312 410 2393; x_wconf 91' lang='lat' dir='ltr'>post</span> <span class='ocrx_word' id='word_1_80' title='bbox 429 2324 578 2371; x_wconf 90' lang='lat' dir='ltr'>menses</span> <span class='ocrx_word' id='word_1_81' title='bbox 598 2303 737 2390; x_wconf 78' lang='lat' dir='ltr'>aliquot</span> <span class='ocrx_word' id='word_1_82' title='bbox 758 2303 842 2372; x_wconf 91' lang='lat' dir='ltr'>inde</span> <span class='ocrx_word' id='word_1_83' title='bbox 862 2303 1072 2390; x_wconf 79' lang='lat' dir='ltr'>digrediens</span> <span class='ocrx_word' id='word_1_84' title='bbox 1098 2305 1143 2373; x_wconf 94' lang='lat' dir='ltr'>ad</span> <span class='ocrx_word' id='word_1_85' title='bbox 1165 2304 1266 2373; x_wconf 90' lang='lat' dir='ltr'>insu-</span> 
     </span>
    </p>
   </div>
   <div class='ocr_carea' id='block_1_3' title="bbox 197 2444 1265 2515">
    <p class='ocr_par' dir='ltr' id='par_1_3' title="bbox 197 2444 1265 2515">
     <span class='ocr_line' id='line_1_14' title="bbox 197 2444 1265 2515; baseline 0.003 -3"><span class='ocrx_word' id='word_1_86' title='bbox 197 2474 214 2512; x_wconf 86' lang='lat'><strong><em>«</em></strong></span> <span class='ocrx_word' id='word_1_87' title='bbox 237 2447 311 2514; x_wconf 90' lang='lat' dir='ltr'>lam</span> <span class='ocrx_word' id='word_1_88' title='bbox 336 2444 595 2514; x_wconf 87' lang='lat' dir='ltr'>Lerinensium</span> <span class='ocrx_word' id='word_1_89' title='bbox 625 2445 760 2514; x_wconf 89' lang='lat' dir='ltr'>ibidem</span> <span class='ocrx_word' id='word_1_90' title='bbox 788 2467 827 2513; x_wconf 89' lang='lat' dir='ltr'>se</span> <span class='ocrx_word' id='word_1_91' title='bbox 858 2445 1129 2514; x_wconf 92' lang='lat' dir='ltr'>monachorum</span> <span class='ocrx_word' id='word_1_92' title='bbox 1155 2447 1265 2515; x_wconf 75' lang='lat' dir='ltr'>coetui</span> 
     </span>
    </p>
   </div>
   <div class='ocr_carea' id='block_1_4' title="bbox 198 2547 1267 2670">
    <p class='ocr_par' dir='ltr' id='par_1_4' title="bbox 198 2547 1267 2670">
     <span class='ocr_line' id='line_1_15' title="bbox 198 2547 1267 2670; baseline 0.005 -25"><span class='ocrx_word' id='word_1_93' title='bbox 198 2609 214 2646; x_wconf 77' lang='lat' dir='ltr'>a</span> <span class='ocrx_word' id='word_1_94' title='bbox 238 2547 398 2666; x_wconf 84' lang='lat' dir='ltr'>tradidit,</span> <span class='ocrx_word' id='word_1_95' title='bbox 422 2587 616 2648; x_wconf 90' lang='lat' dir='ltr'>tonsuram</span> <span class='ocrx_word' id='word_1_96' title='bbox 641 2580 779 2670; x_wconf 91' lang='lat' dir='ltr'>accepit</span> <span class='ocrx_word' id='word_1_97' title='bbox 807 2588 841 2648; x_wconf 92' lang='lat' dir='ltr'>et</span> <span class='ocrx_word' id='word_1_98' title='bbox 860 2580 1097 2670; x_wconf 87' lang='lat' dir='ltr'>disciplinam</span> <span class='ocrx_word' id='word_1_99' title='bbox 1126 2581 1267 2668; x_wconf 84' lang='lat' dir='ltr'>regula-</span> 
     </span>
    </p>
   </div>
   <div class='ocr_carea' id='block_1_5' title="bbox 196 2712 1269 4017">
    <p class='ocr_par' dir='ltr' id='par_1_5' title="bbox 196 2712 1269 4017">
     <span class='ocr_line' id='line_1_16' title="bbox 198 2712 1267 2800; baseline 0.005 -22"><span class='ocrx_word' id='word_1_100' title='bbox 198 2741 214 2779; x_wconf 85' lang='lat'><strong><em>«</em></strong></span> <span class='ocrx_word' id='word_1_101' title='bbox 238 2736 328 2793; x_wconf 88' lang='lat' dir='ltr'>rom,</span> <span class='ocrx_word' id='word_1_102' title='bbox 341 2712 514 2782; x_wconf 90' lang='lat' dir='ltr'>monachi</span> <span class='ocrx_word' id='word_1_103' title='bbox 530 2721 613 2781; x_wconf 88' lang='lat' dir='ltr'>voto</span> <span class='ocrx_word' id='word_1_104' title='bbox 629 2712 845 2800; x_wconf 86' lang='lat' dir='ltr'>insignitus,</span> <span class='ocrx_word' id='word_1_105' title='bbox 856 2713 976 2782; x_wconf 90' lang='lat' dir='ltr'>debita</span> <span class='ocrx_word' id='word_1_106' title='bbox 991 2734 1075 2782; x_wconf 93' lang='lat' dir='ltr'>cum</span> <span class='ocrx_word' id='word_1_107' title='bbox 1092 2713 1267 2783; x_wconf 89' lang='lat' dir='ltr'>sollicitu-</span> 
     </span>
     <span class='ocr_line' id='line_1_17' title="bbox 198 2845 1268 2934; baseline 0.004 -22"><span class='ocrx_word' id='word_1_108' title='bbox 198 2875 214 2913; x_wconf 87' lang='lat'>«</span> <span class='ocrx_word' id='word_1_109' title='bbox 236 2848 322 2916; x_wconf 93' lang='lat' dir='ltr'>dine</span> <span class='ocrx_word' id='word_1_110' title='bbox 342 2846 500 2914; x_wconf 88' lang='lat' dir='ltr'>servavit</span> <span class='ocrx_word' id='word_1_111' title='bbox 511 2869 519 2928; x_wconf 80' lang='lat'><em>3</em></span> <span class='ocrx_word' id='word_1_112' title='bbox 539 2845 601 2914; x_wconf 91' lang='lat' dir='ltr'>ubi</span> <span class='ocrx_word' id='word_1_113' title='bbox 619 2867 683 2934; x_wconf 91' lang='lat' dir='ltr'>per</span> <span class='ocrx_word' id='word_1_114' title='bbox 698 2845 891 2914; x_wconf 90' lang='lat' dir='ltr'>biennium</span> <span class='ocrx_word' id='word_1_115' title='bbox 905 2845 1036 2915; x_wconf 90' lang='lat' dir='ltr'>idonea</span> <span class='ocrx_word' id='word_1_116' title='bbox 1054 2847 1268 2916; x_wconf 85' lang='lat' dir='ltr'>monasticae</span> 
     </span>
     <span class='ocr_line' id='line_1_18' title="bbox 198 2956 1267 3059; baseline 0.004 -13"><span class='ocrx_word' id='word_1_117' title='bbox 198 2956 530 3051; x_wconf 84' lang='lat' dir='ltr'>«conversationis</span> <span class='ocrx_word' id='word_1_118' title='bbox 559 2979 725 3048; x_wconf 90' lang='lat' dir='ltr'>doctrina</span> <span class='ocrx_word' id='word_1_119' title='bbox 766 2979 972 3059; x_wconf 75' lang='lat' dir='ltr'>institutae,</span> <span class='ocrx_word' id='word_1_120' title='bbox 1009 2967 1141 3048; x_wconf 82' lang='lat' dir='ltr'>rursus</span> <span class='ocrx_word' id='word_1_121' title='bbox 1172 2981 1267 3050; x_wconf 89' lang='lat' dir='ltr'>beati</span> 
     </span>
     <span class='ocr_line' id='line_1_19' title="bbox 198 3113 1267 3204; baseline 0.005 -24"><span class='ocrx_word' id='word_1_122' title='bbox 198 3143 214 3181; x_wconf 73' lang='grc' dir='ltr'>α</span> <span class='ocrx_word' id='word_1_123' title='bbox 237 3116 348 3196; x_wconf 90' lang='lat' dir='ltr'>Petri,</span> <span class='ocrx_word' id='word_1_124' title='bbox 374 3114 637 3204; x_wconf 82' lang='lat' dir='ltr'>Apostolorum</span> <span class='ocrx_word' id='word_1_125' title='bbox 659 3113 850 3203; x_wconf 85' lang='lat' dir='ltr'>principis,</span> <span class='ocrx_word' id='word_1_126' title='bbox 873 3135 999 3182; x_wconf 90' lang='lat' dir='ltr'>amore</span> <span class='ocrx_word' id='word_1_127' title='bbox 1015 3115 1192 3195; x_wconf 88' lang='lat' dir='ltr'>devictus,</span> <span class='ocrx_word' id='word_1_128' title='bbox 1211 3138 1267 3185; x_wconf 91' lang='lat' dir='ltr'>sa-</span> 
     </span>
     <span class='ocr_line' id='line_1_20' title="bbox 199 3246 1266 3338; baseline 0.004 -25"><span class='ocrx_word' id='word_1_129' title='bbox 199 3276 215 3314; x_wconf 89' lang='lat'>«</span> <span class='ocrx_word' id='word_1_130' title='bbox 238 3258 379 3319; x_wconf 87' lang='lat' dir='ltr'>cratam</span> <span class='ocrx_word' id='word_1_131' title='bbox 395 3248 475 3338; x_wconf 86' lang='lat' dir='ltr'>ejus</span> <span class='ocrx_word' id='word_1_132' title='bbox 490 3268 643 3337; x_wconf 89' lang='lat' dir='ltr'>corpore</span> <span class='ocrx_word' id='word_1_133' title='bbox 658 3246 841 3315; x_wconf 87' lang='lat' dir='ltr'>civitatem</span> <span class='ocrx_word' id='word_1_134' title='bbox 860 3255 1020 3337; x_wconf 87' lang='lat' dir='ltr'>repetere</span> <span class='ocrx_word' id='word_1_135' title='bbox 1037 3247 1164 3316; x_wconf 86' lang='lat' dir='ltr'>statuit</span> <span class='ocrx_word' id='word_1_136' title='bbox 1177 3274 1193 3312; x_wconf 88' lang='lat'>»</span> <span class='ocrx_word' id='word_1_137' title='bbox 1205 3250 1266 3337; x_wconf 87' lang='lat'>(1).</span> 
     </span>
     <span class='ocr_line' id='line_1_21' title="bbox 196 3389 1269 3480; baseline -0.002 -19"><span class='ocrx_word' id='word_1_138' title='bbox 196 3396 272 3462; x_wconf 91' lang='lat' dir='ltr'>Neo</span> <span class='ocrx_word' id='word_1_139' title='bbox 301 3413 418 3470; x_wconf 86' lang='lat' dir='ltr'>mora,</span> <span class='ocrx_word' id='word_1_140' title='bbox 450 3389 666 3458; x_wconf 88' lang='lat' dir='ltr'>adveniente</span> <span class='ocrx_word' id='word_1_141' title='bbox 700 3410 792 3457; x_wconf 87' lang='lat' dir='ltr'>nave</span> <span class='ocrx_word' id='word_1_142' title='bbox 825 3389 1056 3469; x_wconf 87' lang='lat' dir='ltr'>mercatoria,</span> <span class='ocrx_word' id='word_1_143' title='bbox 1081 3391 1269 3480; x_wconf 90' lang='lat' dir='ltr'>proposito</span> 
     </span>
     <span class='ocr_line' id='line_1_22' title="bbox 198 3523 1268 3615; baseline -0.002 -20"><span class='ocrx_word' id='word_1_144' title='bbox 198 3526 377 3595; x_wconf 85' lang='lat' dir='ltr'>satisfecit</span> <span class='ocrx_word' id='word_1_145' title='bbox 400 3526 460 3612; x_wconf 80' lang='lat'>(2).</span> <span class='ocrx_word' id='word_1_146' title='bbox 493 3524 585 3592; x_wconf 92' lang='lat' dir='ltr'>Cum</span> <span class='ocrx_word' id='word_1_147' title='bbox 617 3523 666 3592; x_wconf 91' lang='lat' dir='ltr'>ibi</span> <span class='ocrx_word' id='word_1_148' title='bbox 698 3531 906 3591; x_wconf 83' lang='lat' dir='ltr'>moraretur</span> <span class='ocrx_word' id='word_1_149' title='bbox 931 3524 1127 3609; x_wconf 82' lang='lat' dir='ltr'>Wigardo,</span> <span class='ocrx_word' id='word_1_150' title='bbox 1158 3545 1268 3615; x_wconf 83' lang='lat' dir='ltr'>quem</span> 
     </span>
     <span class='ocr_line' id='line_1_23' title="bbox 199 3656 1269 3746; baseline -0.002 -17"><span class='ocrx_word' id='word_1_151' title='bbox 199 3682 264 3729; x_wconf 88' lang='lat' dir='ltr'>rex</span> <span class='ocrx_word' id='word_1_152' title='bbox 290 3658 498 3746; x_wconf 82' lang='lat' dir='ltr'>Anglorum</span> <span class='ocrx_word' id='word_1_153' title='bbox 524 3658 707 3745; x_wconf 82' lang='lat' dir='ltr'>Egbertus</span> <span class='ocrx_word' id='word_1_154' title='bbox 732 3656 933 3725; x_wconf 88' lang='lat' dir='ltr'>creandum</span> <span class='ocrx_word' id='word_1_155' title='bbox 959 3656 1173 3746; x_wconf 86' lang='lat' dir='ltr'>episcopum</span> <span class='ocrx_word' id='word_1_156' title='bbox 1198 3661 1269 3727; x_wconf 86' lang='lat' dir='ltr'>Ro-</span> 
     </span>
     <span class='ocr_line' id='line_1_24' title="bbox 198 3791 1269 3872; baseline -0.002 -9"><span class='ocrx_word' id='word_1_157' title='bbox 198 3817 300 3863; x_wconf 86' lang='lat' dir='ltr'>mam</span> <span class='ocrx_word' id='word_1_158' title='bbox 337 3793 500 3871; x_wconf 85' lang='lat' dir='ltr'>miserat‚</span> <span class='ocrx_word' id='word_1_159' title='bbox 542 3799 700 3870; x_wconf 89' lang='lat' dir='ltr'>mortuo,</span> <span class='ocrx_word' id='word_1_160' title='bbox 746 3810 919 3859; x_wconf 87' lang='lat' dir='ltr'>summus</span> <span class='ocrx_word' id='word_1_161' title='bbox 954 3791 1137 3872; x_wconf 84' lang='lat' dir='ltr'>Pontifex,</span> <span class='ocrx_word' id='word_1_162' title='bbox 1178 3792 1269 3861; x_wconf 91' lang='lat' dir='ltr'>inito</span> 
     </span>
     <span class='ocr_line' id='line_1_25' title="bbox 198 3925 1269 4017; baseline 0 -21"><span class='ocrx_word' id='word_1_163' title='bbox 198 3927 356 3997; x_wconf 89' lang='lat' dir='ltr'>consilio</span> <span class='ocrx_word' id='word_1_164' title='bbox 383 3948 493 4017; x_wconf 86' lang='lat' dir='ltr'>quem</span> <span class='ocrx_word' id='word_1_165' title='bbox 522 3926 566 3994; x_wconf 92' lang='lat' dir='ltr'>dc</span> <span class='ocrx_word' id='word_1_166' title='bbox 598 3925 678 3993; x_wconf 88' lang='lat' dir='ltr'>suis</span> <span class='ocrx_word' id='word_1_167' title='bbox 708 3925 916 4011; x_wconf 78' lang='lat' dir='ltr'>Anglorum</span> <span class='ocrx_word' id='word_1_168' title='bbox 949 3925 1269 4017; x_wconf 85' lang='lat' dir='ltr'>archiepiscopum</span> 
     </span>
    </p>
   </div>
   <div class='ocr_carea' id='block_1_6' title="bbox 199 4148 1268 4403">
    <p class='ocr_par' dir='ltr' id='par_1_6' title="bbox 199 4148 1268 4403">
     <span class='ocr_line' id='line_1_26' title="bbox 233 4148 1268 4224; baseline -0.002 -16"><span class='ocrx_word' id='word_1_169' title='bbox 233 4155 274 4224; x_wconf 79' lang='lat' dir='ltr'>(l)</span> <span class='ocrx_word' id='word_1_170' title='bbox 292 4150 487 4207; x_wconf 88' lang='lat' dir='ltr'>Venerabilis</span> <span class='ocrx_word' id='word_1_171' title='bbox 509 4149 591 4205; x_wconf 84' lang='lat' dir='ltr'>Beda</span> <span class='ocrx_word' id='word_1_172' title='bbox 616 4165 622 4203; x_wconf 90' lang='lat'>:</span> <span class='ocrx_word' id='word_1_173' title='bbox 651 4148 728 4206; x_wconf 82' lang='lat' dir='ltr'>Vitoe</span> <span class='ocrx_word' id='word_1_174' title='bbox 750 4151 943 4206; x_wconf 82' lang='lat' dir='ltr'>Sanctorum</span> <span class='ocrx_word' id='word_1_175' title='bbox 964 4149 1131 4206; x_wconf 41' lang='lat' dir='ltr'>elebatum.</span> <span class='ocrx_word' id='word_1_176' title='bbox 1153 4149 1268 4206; x_wconf 87' lang='lat' dir='ltr'>Patrol.</span> 
     </span>
     <span class='ocr_line' id='line_1_27' title="bbox 199 4238 580 4309; baseline -0.013 -11"><span class='ocrx_word' id='word_1_177' title='bbox 199 4243 264 4309; x_wconf 79' lang='lat' dir='ltr'>lat,</span> <span class='ocrx_word' id='word_1_178' title='bbox 282 4247 300 4296; x_wconf 88' lang='lat' dir='ltr'>t.</span> <span class='ocrx_word' id='word_1_179' title='bbox 318 4240 427 4308; x_wconf 88' lang='lat' dir='ltr'>XlVC,</span> <span class='ocrx_word' id='word_1_180' title='bbox 442 4238 499 4296; x_wconf 88' lang='lat' dir='ltr'>col.</span> <span class='ocrx_word' id='word_1_181' title='bbox 520 4238 580 4293; x_wconf 78' lang='lat'><strong>714.</strong></span> 
     </span>
     <span class='ocr_line' id='line_1_28' title="bbox 235 4326 1149 4403; baseline -0.003 -18"><span class='ocrx_word' id='word_1_182' title='bbox 235 4331 276 4403; x_wconf 78' lang='lat'>(2)</span> <span class='ocrx_word' id='word_1_183' title='bbox 291 4329 452 4386; x_wconf 89' lang='lat' dir='ltr'>Mabillon.</span> <span class='ocrx_word' id='word_1_184' title='bbox 470 4343 477 4384; x_wconf 75' lang='grc' dir='ltr'><em>τ</em></span> <span class='ocrx_word' id='word_1_185' title='bbox 494 4329 636 4385; x_wconf 73' lang='grc' dir='ltr'>Αηηαῐεε</span> <span class='ocrx_word' id='word_1_186' title='bbox 652 4329 779 4396; x_wconf 63' lang='lat' dir='ltr'>Baetem,</span> <span class='ocrx_word' id='word_1_187' title='bbox 797 4331 816 4382; x_wconf 86' lang='lat' dir='ltr'>t.</span> <span class='ocrx_word' id='word_1_188' title='bbox 835 4327 858 4392; x_wconf 89' lang='lat' dir='ltr'>l,</span> <span class='ocrx_word' id='word_1_189' title='bbox 874 4344 941 4402; x_wconf 88' lang='lat' dir='ltr'>cap.</span> <span class='ocrx_word' id='word_1_190' title='bbox 958 4326 1026 4395; x_wconf 88' lang='lat' dir='ltr'>XV,</span> <span class='ocrx_word' id='word_1_191' title='bbox 1044 4345 1072 4400; x_wconf 87' lang='lat' dir='ltr'>p.</span> <span class='ocrx_word' id='word_1_192' title='bbox 1087 4326 1149 4383; x_wconf 74' lang='lat'>417.</span> 
     </span>
    </p>
   </div>
   <div class='ocr_carea' id='block_1_7' title="bbox 0 0 1552 4956">
    <p class='ocr_par' dir='ltr' id='par_1_7' title="bbox 0 0 1552 4956">
     <span class='ocr_line' id='line_1_29' title="bbox 0 0 1552 4956; baseline 0 0"><span class='ocrx_word' id='word_1_193' title='bbox 0 0 1552 4956; x_wconf 95' lang='lat' dir='ltr'> </span> 
     </span>
    </p>
   </div>
  </div>
 </body>
</html>
