3072 4956
711 511 756 524 -
781 473 912 542 102-

279 722 295 762 a
318 696 457 766 nostris
478 695 626 786 reperiri
649 718 769 787 posse,
790 697 854 788 qui
879 698 924 766 dc
944 694 1160 766 summitate
1183 696 1351 767 scientiae

279 819 495 928 «glorietur
515 867 531 904 a
550 842 611 928 (l).
634 841 749 931 Cujus
771 839 820 909 rei
841 862 953 909 causa
974 861 1066 908 sane
1086 839 1237 930 luerunt
1254 841 1349 909 bella

277 985 544 1075 tumultusque,
573 984 711 1075 quibus
737 1005 778 1052 ea
800 992 1015 1074 tempestate
1041 982 1246 1052 christiana
1274 1006 1350 1054 res·

277 1126 423 1217 publica
442 1126 579 1214 agitata
594 1137 630 1196 et
644 1137 828 1196 commota
844 1127 925 1208 luit,
947 1128 1011 1196 sed
1031 1126 1199 1196 etiamen
1218 1126 1348 1219 iniqua

277 1270 412 1339 oblivio
440 1293 512 1362 qua
548 1271 766 1340 laborabant
793 1279 963 1340 auctores
996 1269 1153 1362 antiqui.
1182 1271 1288 1350 Quod
1318 1271 1348 1339 si

279 1443 296 1482 «
317 1439 363 1486 ex
382 1428 575 1487 auctorum
597 1416 833 1486 sordidorum
854 1436 1010 1484 numero
1030 1413 1235 1506 excipiendi
1258 1424 1350 1485 sunt

279 1585 296 1624 «
318 1560 386 1656 riri
408 1581 474 1650 pro
503 1567 618 1654 rotate¹
630 1559 782 1640 summi,
813 1558 910 1628 Beda
937 1557 1186 1638 Venerabilis
1207 1559 1350 1628 Paulus

278 1729 295 1768 a
317 1703 541 1784 Varnelridi,
567 1704 728 1773 Albinus
757 1725 823 1772 seu
851 1702 1047 1782 Alcuinus,
1067 1729 1083 1766 »
1112 1702 1168 1771 vel
1198 1702 1244 1771 ad
1274 1704 1350 1770 An-

277 1846 391 1934 gliam
411 1868 497 1939 quae
527 1856 604 1917 tum
625 1869 737 1916 suum
767 1845 898 1915 litteris
928 1845 1108 1915 honorem
1137 1845 1348 1927 adhibebat,

277 1989 333 2058 vel
367 1989 414 2058 ad
445 1989 612 2059 seculum
642 1989 826 2079 pertinent
861 2010 948 2079 quo,
990 2015 1007 2052 «
1042 1989 1174 2057 Carolo
1211 2010 1350 2076 magno

278 2132 495 2223 imperante,
528 2133 687 2202 «Musis
709 2132 828 2200 honos
856 2131 997 2202 restitui
1021 2133 1147 2223 coepit,
1171 2132 1350 2224 rediitque

276 2275 372 2344 avita
394 2275 587 2345 celebritas
609 2301 625 2339 a
646 2277 707 2363 (2).

323 2417 513 2488 Desiderio
538 2427 594 2487 est
620 2417 744 2505 igitur,
773 2418 978 2488 Caesarium
1006 2419 1045 2488 in
1066 2418 1113 2488 iis
1140 2419 1185 2488 de
1211 2418 1348 2510 quibus

276 2561 410 2648 agitur,
446 2561 492 2629 ab
531 2559 701 2629 instituto
743 2560 936 2629 Lerinensi
975 2560 1095 2651 primo
1134 2537 1346 2643 recessisse,

276 2703 497 2796 propriaque
521 2704 737 2774 auctoritate
761 2724 836 2772 non
857 2703 906 2772 ita
927 2703 1044 2774 luisse
1068 2727 1193 2786 usum,
1224 2715 1266 2774 ut
1291 2689 1347 2775 vel

274 2846 450 2937 antiquos
470 2845 670 2935 scriptores
699 2853 874 2926 tueretur,
905 2846 960 2915 vel
989 2867 1052 2915 eos
1081 2846 1120 2915 in
1146 2846 1346 2937 pristinum

274 2991 455 3060 honorem
494 2989 713 3058 restitueret.
754 2989 923 3079 lneptum
959 2990 1110 3081 quidem
1148 2999 1183 3059 et
1212 2990 1347 3060 studiis

274 3143 369 3204 recte
389 3132 602 3203 excolendis
629 3131 842 3213 exitiosum,
872 3154 1005 3202 omnes
1030 3133 1206 3225 antiquos
1232 3133 1347 3225 scrip·

274 3286 372 3346 tores
392 3275 597 3346 universim
618 3275 797 3345 damnare
818 3285 892 3345 eta
913 3276 1109 3367 disciplina
1130 3276 1346 3347 scholarum

273 3411 401 3481 exules
425 3410 555 3490 lacere,
573 3431 659 3479 cum
679 3410 776 3500 apud
792 3411 877 3480 illos
902 3432 942 3480 ea
968 3432 1053 3502 quae
1080 3419 1170 3481 sunt
1190 3410 1346 3481 rationis

274 3556 452 3627 humanae
489 3577 532 3624 ac
571 3563 728 3635 naturae,
769 3563 846 3624 arte
883 3576 960 3644 qua·
988 3555 1090 3625 nulla
1124 3554 1196 3624 alia
1225 3555 1346 3645 maj0r

273 3721 448 3789 expressa
476 3698 728 3767 inveniantur.
759 3698 878 3777 Quam
908 3706 1003 3768 recte
1026 3697 1126 3768 enim
1148 3697 1217 3768 bac
1240 3698 1286 3767 de
1307 3719 1345 3768 re

272 3842 442 3912 scribens
478 3843 713 3911 Lanfrancus
751 3842 796 3910 de
831 3840 998 3931 profanis
1036 3841 1167 3912 litteris
1204 3841 1299 3911 dixit
1333 3865 1341 3910 ε

274 3989 405 4068 «Quae
438 3987 470 4057 si
508 3987 631 4056 debito
662 3985 772 4055 modo
809 4006 853 4055 ac
887 3995 1051 4076 tempore
1084 3995 1341 4066 assumantur,

306 4212 346 4284 (l)
363 4210 563 4268 Mabillonius
581 4225 588 4266 :
604 4209 828 4284 Proefationes‚
846 4213 865 4264 t.
884 4209 906 4273 l,
922 4225 951 4283 p.
969 4209 1012 4265 77.

306 4311 346 4383 (b)
363 4309 563 4367 Mabillonius
580 4325 588 4366 ι
604 4306 827 4382 praefationes,
844 4312 864 4362 t.
882 4307 904 4362 Ι.
922 4325 951 4382 p.
968 4306 1013 4364 83.
