3058 4960
648 513 803 582 ..3-

192 759 305 828 quam
325 737 594 807 monasterium
614 737 887 824 ingrediuntur,
918 736 972 805 rel
1000 745 1196 828 postquam
1217 735 1256 804 in

192 907 233 954 ea
253 886 384 974 degere
404 885 516 954 vitam
537 895 739 976 coeperunt,
762 885 893 954 litteris
913 881 1091 952 humanis
1110 879 1256 951 initien-

193 1037 263 1097 tur.
286 1028 389 1109 Quod
411 1029 443 1096 si
464 1029 614 1118 pluries,
636 1028 766 1118 primis
786 1027 993 1117 praesertim
1015 1025 1253 1116 temporibus,

192 1193 250 1239 res
270 1171 319 1240 ita
340 1171 462 1252 cessit,
480 1180 520 1240 ut
535 1171 671 1240 insulae
691 1171 905 1240 Lerinensis
925 1179 1089 1239 recentes
1108 1169 1253 1248 incolae,

191 1313 328 1382 auditis
358 1313 436 1403 jam
465 1322 572 1382 antea
602 1313 689 1383 alibi
716 1313 919 1400 magistris,
949 1313 1153 1382 litterarum
1187 1312 1254 1381 ele-

190 1463 314 1524 menta
348 1465 639 1546 comparassent,
668 1476 744 1524 non
771 1455 934 1535 deerant,
962 1454 1025 1545 qui
1054 1454 1099 1522 ad
1127 1454 1253 1524 eadem

189 1599 437 1688 comparanda
464 1599 733 1668 monasterium
757 1599 920 1668 adibant.
943 1601 1015 1666 Pro
1035 1606 1133 1666 certo
1154 1597 1253 1666 enim

190 1741 400 1810 habendum
426 1749 493 1821 est,
524 1742 648 1810 seculo
678 1741 807 1832 quinto
831 1740 1038 1820 decedente,
1065 1741 1120 1810 vel
1150 1750 1254 1810 sexto

189 1885 351 1963 ineunte,
379 1884 517 1953 multos
541 1883 657 1953 fuisse
686 1905 820 1973 pueros
850 1884 914 1974 qui
941 1884 987 1952 ad
1014 1867 1252 1964 monasteria,

190 2027 258 2096 hac
286 2036 320 2096 et
344 2026 440 2106 illac,
463 2034 503 2095 ut
522 2026 768 2094 monasticam
789 2034 941 2113 agerent
960 2026 1086 2106 vitam,
1108 2026 1253 2096 accede-

190 2181 282 2252 rent,
305 2193 389 2240 cum
410 2193 429 2238 a
448 2170 611 2240 Caesario
629 2171 836 2240 Arelatensi
857 2171 895 2238 in
917 2191 956 2239 ea
979 2157 1118 2258 regula,
1140 2192 1252 2262 quam

188 2316 383 2384 monachis
417 2315 605 2404 imposuit,
641 2315 689 2384 sit
728 2315 986 2405 praescriptum
1025 2336 1071 2383 ne
1104 2336 1249 2405 pueroS,

186 2459 261 2528 nisi
284 2485 299 2522 a
321 2459 367 2527 ab
387 2459 499 2529 annis
519 2479 585 2527 sex
604 2467 668 2526 aut
687 2467 840 2547 septem,
864 2483 880 2522 n
910 2457 1156 2538 admitterent,
1179 2479 1251 2549 qua

187 2610 294 2670 aetate
310 2610 454 2670 tantum
476 2627 492 2665 α
510 2610 544 2670 et
566 2602 704 2670 litteras
724 2600 864 2670 discere
884 2609 918 2668 et
937 2599 1154 2669 obedientiae
1170 2621 1251 2690 pos-

187 2745 263 2813 sint
277 2745 530 2833 obtemperare
546 2747 606 2833 (t).
627 2771 643 2809 »

231 2888 321 2956 Haec
361 2887 530 2978 equidem
569 2887 649 2956 ideo
683 2887 788 2956 attuli
822 2897 862 2956 ut
894 2889 1112 2968 evincerem,
1147 2888 1249 2956 vela

186 3032 315 3122 quinto
346 3030 470 3100 seculo
501 3030 666 3099 inomni
694 3031 898 3103 monastica
929 3031 1161 3100 institutione
1190 3053 1249 3102 ne-

185 3175 347 3243 cessario
382 3174 549 3243 scholam
583 3174 680 3242 intra
715 3195 843 3243 muros
877 3175 1123 3244 instauratam
1153 3197 1246 3245 esse.

185 3318 278 3397 Quia
299 3340 383 3386 vero
403 3319 447 3387 de
467 3317 659 3386 Lerinensi
681 3320 906 3387 monasterio
928 3340 986 3388 res
1001 3327 1067 3399 est,
1085 3340 1249 3389 commu·
1329 3381 1331 3384 .

186 3461 297 3530 nibus
327 3461 417 3530 locis
446 3470 678 3548 argumenta,
710 3482 795 3530 cum
825 3461 996 3552 quaedam
1029 3463 1137 3532 nobis
1164 3485 1249 3553 sup·

185 3613 309 3694 petant
343 3605 504 3694 propria,
536 3606 729 3674 desumere
758 3627 889 3695 parum
918 3605 1076 3695 prodest.
1108 3609 1163 3675 Ex
1190 3608 1248 3677 his

184 3748 283 3816 enim
322 3748 441 3816 tribus
474 3769 558 3838 quae
591 3749 845 3837 complectitur
877 3749 1017 3831 schola,
1053 3751 1248 3821 edocendis

184 3889 388 3980 discipulis,
411 3890 629 3959 docentibus
653 3891 843 3976 magistris
863 3891 1144 3983 disciplinaque,
1168 3894 1247 3962 nul-

185 4023 261 4092 lum
294 4024 456 4093 defuisse
484 4025 676 4093 Lerinensi
706 4025 887 4106 instituto,
919 4047 959 4094 ea
985 4027 1116 4095 saltem
1141 4037 1248 4096 aetate

132 4269 138 4278 ⁸
219 4283 257 4354 (l)
268 4285 389 4353 nepeta
403 4284 443 4340 stt
456 4284 583 4340 Caesarii
594 4285 708 4343 Arelat.
723 4287 836 4344 Patrol.
850 4287 900 4342 lat.
913 4288 1029 4366 Migne,
1040 4295 1112 4350 tom,
1124 4290 1246 4358 LXVII,

182 4378 239 4436 col.
262 4378 341 4437 1108.
