3058 4960
718 475 906 543 ..5g.‚

267 696 399 787 promi,
427 707 537 789 atque
555 697 594 766 in
615 695 778 769 medium
804 721 845 768 ea
862 701 1017 790 proferri
1039 726 1055 766 a
1076 721 1162 792 quae
1183 710 1223 770 ut
1243 699 1337 769 acci·

267 841 400 930 pianda
429 842 627 912 traduntur
656 871 672 907 »
707 846 768 932 (1),
808 854 872 913 aut
909 865 950 913 ea
984 865 1070 935 quae
1112 871 1128 910 α
1161 845 1338 914 dixerunt

269 1009 285 1049 a
306 985 369 1053 alii
390 1013 407 1051 »
430 988 478 1074 (2)
500 1005 575 1054 non
591 987 704 1056 semel
724 987 897 1057 affirmat.
923 990 1011 1056 Erat
1034 988 1148 1076 igitur
1168 1009 1210 1057 ea
1231 996 1341 1056 aetate

266 1129 362 1200 circa
382 1129 514 1198 Libros
527 1131 661 1199 Sacros
675 1131 971 1221 interpretandos
988 1132 1135 1202 traditio
1150 1132 1338 1223 quaedam,

266 1255 571 1341 clarissimorum'
592 1273 784 1343 doctorum
807 1275 1024 1343 auctoritate
1051 1275 1223 1354 conflata,
1252 1293 1338 1364 quae

266 1413 305 1480 in
326 1413 466 1482 scholis
492 1413 708 1483 christianis
729 1425 885 1506 recepta,
914 1416 1011 1506 apud
1032 1416 1256 1484 Lerinenses
1276 1415 1337 1484 do-

266 1557 381 1626 cenda
410 1556 626 1626 habebatur.
660 1558 755 1626 Huic
786 1580 826 1626 se
854 1559 1028 1626 insistere
1052 1558 1244 1647 profitetur
1268 1559 1340 1626 Eu-

266 1698 435 1781 cherius;
465 1698 562 1768 banc
581 1701 628 1769 ab
660 1683 713 1768 eo¹
730 1683 885 1791 inquirit
904 1701 1080 1770 Salonius
1099 1701 1338 1787 interrogans

264 1841 309 1910 de
330 1841 420 1910 locis
441 1842 642 1931 Scriptarae
662 1843 786 1911 Sacrae
807 1843 978 1912 obscuris
1007 1867 1014 1910 :
1043 1843 1199 1911 minime
1224 1843 1271 1910 ab
1296 1863 1337 1910 ea

266 1984 432 2052 recedere
459 1983 592 2052 curant
622 1984 798 2053 Salonius
824 1985 1082 2076 Veranusque,
1115 1985 1340 2054 Lerinenses

264 2125 421 2206 alumni,
444 2126 581 2216 quibus
600 2132 642 2195 cle
662 2130 871 2196 Proverbiis
886 2128 1058 2214 dialogus
1079 2127 1178 2196 haud
1199 2127 1337 2195 medio·

147 2298 151 2306 ·
264 2269 316 2337 cri
333 2269 417 2358 jure
438 2269 624 2338 tribuitur.
649 2272 700 2338 Ea
726 2271 824 2339 enim
851 2271 1035 2358 exegetica
1062 2271 1195 2350 forma,
1224 2288 1339 2359 quam

265 2411 501 2497 allegoricam
532 2383 672 2492 dicunt,
703 2412 909 2503 antiquitus
939 2412 978 2480 in
1008 2433 1078 2481 usu
1104 2412 1203 2502 apud
1223 2410 1340 2479 obris-

250 2554 389 2628 tianos
418 2554 587 2623 doctores
620 2554 745 2623 habita
777 2555 857 2636 fuit,
890 2555 1026 2624 nedum
1057 2564 1228 2624 auctores
1258 2554 1341 2645 ejus

264 2696 425 2765 luissent
451 2696 687 2765 Lerinenses.
725 2697 1007 2766 Meminerimus
1041 2697 1141 2766 enim
1177 2698 1224 2765 ab
1257 2696 1341 2786 ipso

264 2839 381 2906 Paulo
409 2838 610 2929 aliquando
639 2860 703 2928 per
733 2839 948 2926 allegoriam
978 2840 1096 2908 Masis
1127 2840 1245 2908 libros
1283 2838 1339 2905 ia-

265 2989 483 3070 terpretatos
518 3003 600 3051 esse
643 2963 703 3071 (3).
753 2983 894 3053 Scitum
938 2993 993 3053 est
1032 3007 1145 3075 quam
1183 2984 1342 3053 libenter

260 3123 502 3204 ‘Ambrosius
525 3133 566 3191 ut
584 3123 629 3192 de
648 3125 778 3193 ceteris
798 3133 951 3205 taceam,
976 3126 1108 3194 Libros
1129 3128 1266 3200 Sacros
1287 3134 1343 3194 est

263 3264 528 3354 interpretatus
563 3267 610 3353 (4)
648 3288 655 3332 :
695 3267 793 3356 quod
832 3267 1089 3357 explicationis
1126 3289 1262 3355 genus
1302 3268 1341 3349 in

263 3405 455 3476 Lerinensi
486 3407 613 3475 schola
646 3417 845 3496 receptum,
886 3409 934 3476 ita
968 3430 1055 3478 mox
1088 3411 1263 3491 invaluit,
1302 3418 1343 3478 ut

298 3655 338 3726 (1)
373 3656 505 3714 Eacbcr.
544 3658 691 3716 Formttl.
729 3656 833 3727 spirit.
865 3656 954 3712 intel.
989 3656 1106 3713 Patrol.
1146 3656 1211 3722 lat,
1252 3662 1273 3713 t.
1307 3656 1340 3724 L,

263 3753 321 3810 col.
346 3753 406 3808 761.

298 3849 336 3919 (2)
353 3847 485 3905 Euclrer.
502 3851 657 3905 Instruct.
673 3849 725 3906 lib.
742 3850 763 3903 l.
781 3848 894 3906 Patrol.
912 3849 975 3918 lat,
993 3857 1012 3907 t.
1031 3851 1064 3915 L,
1081 3851 1140 3909 col.
1157 3851 1220 3908 791.

295 3945 336 4016 (3)
352 3945 394 3999 Sti
411 3945 508 4002 Pauli.
525 3944 625 4016 Epist.
642 3948 769 4003 ocl'Gol.
786 3963 812 4001 c.
830 3945 881 4015 lV,
896 3964 924 4003 v.
939 3947 974 4002 24
989 3971 999 3998 ‹
1017 3967 1087 4020 quae
1104 3955 1178 4003 sunt
1195 3967 1252 4022 por
1269 3949 1343 4004 allc·

259 4043 379 4113 goriam
394 4041 483 4099 dicta.
503 4065 513 4092 ›

295 4143 582 4211 (4)Heroomeroo:
608 4141 711 4196 Patrol
739 4140 803 4204 lat,
834 4146 853 4196 t.
870 4141 952 4209 XIV,
978 4142 1036 4199 col.
1062 4143 1114 4198 119
1144 4149 1175 4200 et
1204 4162 1271 4218 seq.
1308 4176 1343 4187 -

258 4238 492 4294 Eoorrott'ooes
507 4238 542 4294 in
559 4239 627 4292 XII
633 4242 776 4307 psalmos
793 4259 801 4293 :
816 4237 872 4293 col.
888 4238 938 4293 921
956 4246 985 4294 ct
1003 4257 1068 4313 seq.
1140 4232 1142 4234 ’
