3058 4960
634 511 812 578 ...27-

189 733 326 824 pimus.
361 733 453 828 Curn
479 732 557 824 jam
591 732 629 800 in
658 733 737 801 foro
763 733 882 802 dicere
909 751 1042 802 causas
1069 732 1252 823 coepisset,

190 875 326 944 relictis
359 875 469 944 dorno
497 875 699 966 patriaque,
728 876 885 944 Galliam
910 877 1072 967 primurn
1100 878 1263 967 appulit,

188 1025 400 1108 posteaque,
417 1037 473 1118 'ne
493 1038 568 1086 non
594 1017 685 1086 satis
710 1039 864 1086 securus
895 1018 1008 1099 fieret,
1031 1018 1070 1087 in
1089 1019 1253 1088 insulam

188 1161 361 1230 Lerinam
373 1183 413 1230 se
428 1163 679 1232 occultaturus
695 1163 866 1252 perrexit.
880 1164 960 1242 Quo
975 1163 1015 1231 in
1030 1147 1109 1232 loco
1124 1185 1253 1232 secun-

187 1303 259 1371 dus
284 1311 367 1393 post
387 1304 632 1384 Honoratum,
664 1326 763 1372 anno
795 1305 1075 1374 CCCCXXXIV
1106 1326 1253 1374 monas·

188 1445 278 1514 terio
298 1446 508 1536 praeficitur.
535 1447 626 1515 Cunr
646 1447 704 1516 die
724 1447 900 1535 vigesima
924 1449 1078 1538 septima
1099 1452 1253 1518 Novem-

187 1591 277 1674 bris,
305 1615 404 1662 anno
425 1594 564 1663 incerto
598 1635 639 1648 -
673 1615 692 1662 a
721 1595 863 1664 CCCCL
890 1595 935 1663 ad
963 1594 1176 1663 CCCCLXll
1209 1634 1255 1647 -

186 1743 392 1824 Maximus
439 1743 634 1834 episcopus
672 1744 860 1824 Reiensis,
900 1744 996 1812 dienr
1035 1765 1252 1834 supremum

188 1886 351 1968 obiisset,
392 1887 470 1976 ipse
510 1889 671 1955 Faustus
708 1887 748 1954 in
782 1887 863 1976 ejus
901 1886 1023 1954 locun«
1057 1887 1252 1977 episcopus

186 2039 343 2098 creatur.
374 2031 409 2098 ls
447 2029 643 2119 episcopus
672 2029 791 2096 factus
818 2049 899 2097 eam
937 2029 1019 2098 vitae
1057 2039 1268 2109 consuetur

186 2173 310 2243 dinem
339 2174 488 2242 retinuit
518 2195 630 2264 quarn
662 2182 870 2242 servaverat
900 2173 1027 2256 abbas,
1063 2199 1079 2238 «
1102 2196 1252 2265 precum

189 2341 204 2378 «
227 2315 367 2404 peritus
387 2316 648 2384 insulanarum
669 2337 763 2406 quas
789 2315 833 2384 de
855 2317 1025 2406 palaestra
1053 2338 1251 2406 congrega-

188 2488 204 2527 «
228 2463 340 2533 tionis
361 2464 601 2545 heremitidis,
630 2465 729 2533 etde
752 2473 882 2534 senatu
905 2467 1164 2537 Lerinonsiurn
1184 2470 1252 2538 cel-

187 2631 203 2670 «
226 2607 439 2676 lulanorurn
460 2607 498 2674 in
516 2607 644 2676 urbem
664 2629 810 2699 quoque
830 2610 937 2700 cujus
953 2611 1116 2680 ecclesiae
1136 2633 1252 2682 sacrae

187 2751 508 2842 «superinspicis
535 2753 771 2834 transtulisti,
798 2753 891 2822 nihil
918 2755 964 2824 ab
983 2756 1114 2824 abbate
1134 2765 1251 2825 muta-

187 2923 203 2962 «
227 2905 287 2966 tus
308 2919 372 2987 per
391 2896 632 2977 sacerdotem,
661 2897 795 2988 quippe
821 2920 906 2967 cunr
930 2920 1034 2968 novae
1059 2900 1251 2987 dignitatis
1343 2936 1345 2939 ·

187 3041 377 3110 «obtentu
412 3039 570 3126 rigorem
601 3041 733 3109 veteris
764 3040 968 3130 disciplinre
1002 3063 1077 3111 non
1112 3043 1251 3111 relaxa-

186 3211 202 3251 «
225 3185 322 3254 veris
343 3211 359 3250 »
383 3186 443 3273 (l).
468 3225 512 3235 -
543 3187 654 3254 Anno
677 3187 964 3256 CCCCLXXVH
985 3186 1143 3255 Eunicus
1172 3207 1248 3268 rell,
1289 3233 1291 3238 .

184 3350 270 3398 curn
294 3328 440 3397 Arelate
466 3337 500 3396 et
518 3329 724 3406 Massiliam
753 3352 830 3400 suae
856 3329 986 3400 ditioni
1011 3331 1248 3410 subdidisset,

184 3479 377 3561 ceteraque
412 3470 560 3538 castella
597 3472 765 3560 cepisset,
801 3473 928 3562 procul
961 3472 1085 3554 dubio,
1123 3495 1250 3563 quam-

183 3634 297 3706 quam
325 3614 361 3682 id
382 3622 555 3682 testatum
581 3635 656 3682 non
678 3614 872 3695 habemus,
901 3635 1032 3702 agrunr
1053 3615 1250 3684 civitatem-

183 3778 256 3848 que
293 3755 491 3824 Reiensern
530 3756 677 3836 invasit,
718 3758 982 3846 Faustumque,
1022 3765 1063 3825 ut
1099 3755 1249 3847 quidam

183 3898 326 3979 «olunt,
356 3897 441 3990 quia
463 3906 590 3967 contra
616 3897 778 3966 Arianos
802 3897 1064 3987 disputaverat,
1092 3897 1130 3966 in
1156 3898 1250 3967 exsi-

219 4247 259 4322 (1)
277 4248 423 4306 Sidonius
439 4247 539 4323 Apoll.
558 4247 621 4304 Lib.
641 4247 693 4314 IX,
710 4249 797 4323 epist.
814 4249 840 4304 3.
