<?xml version="1.0" encoding="UTF-8"?>
<!DOCTYPE html PUBLIC "-//W3C//DTD XHTML 1.0 Transitional//EN"
    "http://www.w3.org/TR/xhtml1/DTD/xhtml1-transitional.dtd">
<html xmlns="http://www.w3.org/1999/xhtml" xml:lang="en" lang="en">
 <head>
  <title>
</title>
<meta http-equiv="Content-Type" content="text/html;charset=utf-8" />
  <meta name='ocr-system' content='tesseract 3.04.00' />
  <meta name='ocr-capabilities' content='ocr_page ocr_carea ocr_par ocr_line ocrx_word'/>
</head>
<body>
  <div class='ocr_page' id='page_1' title='image "./descholalerinen00lahagoog_0113.png"; bbox 0 0 3072 4956; ppageno 0'>
   <div class='ocr_carea' id='block_1_1' title="bbox 749 489 930 554">
    <p class='ocr_par' dir='ltr' id='par_1_1' title="bbox 749 489 930 554">
     <span class='ocr_line' id='line_1_1' title="bbox 749 489 930 554; baseline 0 -18"><span class='ocrx_word' id='word_1_1' title='bbox 749 489 930 554; x_wconf 61' lang='lat' dir='ltr'>-ffl-</span> 
     </span>
    </p>
   </div>
   <div class='ocr_carea' id='block_1_2' title="bbox 303 708 1384 3946">
    <p class='ocr_par' dir='ltr' id='par_1_2' title="bbox 303 708 1384 3946">
     <span class='ocr_line' id='line_1_2' title="bbox 304 708 1379 800; baseline -0.003 -22"><span class='ocrx_word' id='word_1_2' title='bbox 304 709 493 800; x_wconf 53' lang='lat' dir='ltr'>persanat</span> <span class='ocrx_word' id='word_1_3' title='bbox 516 710 696 799; x_wconf 56' lang='lat' dir='ltr'>praeditus</span> <span class='ocrx_word' id='word_1_4' title='bbox 719 721 789 777; x_wconf 79' lang='lat' dir='ltr'>cst.</span> <span class='ocrx_word' id='word_1_5' title='bbox 825 710 945 777; x_wconf 73' lang='lat' dir='ltr'>multo</span> <span class='ocrx_word' id='word_1_6' title='bbox 972 709 1096 794; x_wconf 71' lang='lat' dir='ltr'>magis</span> <span class='ocrx_word' id='word_1_7' title='bbox 1118 708 1167 778; x_wconf 86' lang='lat' dir='ltr'>ad</span> <span class='ocrx_word' id='word_1_8' title='bbox 1194 730 1273 776; x_wconf 86' lang='lat' dir='ltr'>rem</span> <span class='ocrx_word' id='word_1_9' title='bbox 1294 729 1379 776; x_wconf 84' lang='lat' dir='ltr'>nos-</span> 
     </span>
     <span class='ocr_line' id='line_1_3' title="bbox 305 851 1380 942; baseline -0.004 -20"><span class='ocrx_word' id='word_1_10' title='bbox 305 863 400 922; x_wconf 82' lang='lat' dir='ltr'>tram</span> <span class='ocrx_word' id='word_1_11' title='bbox 423 853 590 920; x_wconf 64' lang='lat' dir='ltr'>interest.</span> <span class='ocrx_word' id='word_1_12' title='bbox 617 874 705 941; x_wconf 78' lang='lat' dir='ltr'>quae</span> <span class='ocrx_word' id='word_1_13' title='bbox 727 853 930 940; x_wconf 49' lang='lat' dir='ltr'>sumerent</span> <span class='ocrx_word' id='word_1_14' title='bbox 953 853 1188 942; x_wconf 66' lang='lat' dir='ltr'>adoeritque</span> <span class='ocrx_word' id='word_1_15' title='bbox 1219 851 1268 920; x_wconf 87' lang='lat' dir='ltr'>ad</span> <span class='ocrx_word' id='word_1_16' title='bbox 1299 851 1380 918; x_wconf 91' lang='lat' dir='ltr'>reli-</span> 
     </span>
     <span class='ocr_line' id='line_1_4' title="bbox 303 994 1379 1083; baseline -0.002 -21"><span class='ocrx_word' id='word_1_17' title='bbox 303 995 430 1081; x_wconf 71' lang='lat' dir='ltr'>giosas</span> <span class='ocrx_word' id='word_1_18' title='bbox 460 995 624 1081; x_wconf 72' lang='lat' dir='ltr'>tirgines</span> <span class='ocrx_word' id='word_1_19' title='bbox 652 997 692 1062; x_wconf 93' lang='lat' dir='ltr'>in</span> <span class='ocrx_word' id='word_1_20' title='bbox 721 996 852 1061; x_wconf 68' lang='lat' dir='ltr'>fitteris</span> <span class='ocrx_word' id='word_1_21' title='bbox 885 995 1144 1062; x_wconf 63' lang='lat' dir='ltr'>inmenmndas</span> <span class='ocrx_word' id='word_1_22' title='bbox 1176 994 1379 1083; x_wconf 72' lang='lat' dir='ltr'>inquirere.</span> 
     </span>
     <span class='ocr_line' id='line_1_5' title="bbox 304 1137 1381 1227; baseline -0.002 -21"><span class='ocrx_word' id='word_1_23' title='bbox 304 1137 500 1224; x_wconf 75' lang='lat' dir='ltr'>Regulam,</span> <span class='ocrx_word' id='word_1_24' title='bbox 528 1161 600 1227; x_wconf 77' lang='lat' dir='ltr'>qua</span> <span class='ocrx_word' id='word_1_25' title='bbox 622 1141 744 1226; x_wconf 49' lang='lat' dir='ltr'>jussae</span> <span class='ocrx_word' id='word_1_26' title='bbox 761 1151 849 1205; x_wconf 73' lang='lat' dir='ltr'>sunt</span> <span class='ocrx_word' id='word_1_27' title='bbox 874 1139 912 1204; x_wconf 93' lang='lat' dir='ltr'>in</span> <span class='ocrx_word' id='word_1_28' title='bbox 932 1139 1126 1204; x_wconf 67' lang='lat' dir='ltr'>tertioncm</span> <span class='ocrx_word' id='word_1_29' title='bbox 1154 1158 1381 1226; x_wconf 79' lang='lat' dir='ltr'>unaquaque</span> 
     </span>
     <span class='ocr_line' id='line_1_6' title="bbox 303 1281 1381 1371; baseline 0.006 -30"><span class='ocrx_word' id='word_1_30' title='bbox 303 1281 363 1348; x_wconf 89' lang='lat' dir='ltr'>die</span> <span class='ocrx_word' id='word_1_31' title='bbox 400 1282 627 1360; x_wconf 74' lang='lat' dir='ltr'>incumbere,</span> <span class='ocrx_word' id='word_1_32' title='bbox 657 1293 765 1350; x_wconf 64' lang='lat' dir='ltr'>antea</span> <span class='ocrx_word' id='word_1_33' title='bbox 792 1284 871 1370; x_wconf 76' lang='lat' dir='ltr'>jam</span> <span class='ocrx_word' id='word_1_34' title='bbox 906 1282 1012 1350; x_wconf 77' lang='lat' dir='ltr'>retuli</span> <span class='ocrx_word' id='word_1_35' title='bbox 1049 1305 1058 1347; x_wconf 96' lang='lat'><strong>:</strong></span> <span class='ocrx_word' id='word_1_36' title='bbox 1095 1282 1196 1371; x_wconf 77' lang='lat' dir='ltr'>quod</span> <span class='ocrx_word' id='word_1_37' title='bbox 1226 1281 1381 1370; x_wconf 83' lang='lat' dir='ltr'>jussum</span> 
     </span>
     <span class='ocr_line' id='line_1_7' title="bbox 306 1424 1381 1512; baseline 0.001 -22"><span class='ocrx_word' id='word_1_38' title='bbox 306 1424 477 1512; x_wconf 67' lang='lat' dir='ltr'>pluribus</span> <span class='ocrx_word' id='word_1_39' title='bbox 519 1427 558 1492; x_wconf 92' lang='lat' dir='ltr'>in</span> <span class='ocrx_word' id='word_1_40' title='bbox 601 1425 692 1493; x_wconf 70' lang='lat' dir='ltr'>locis</span> <span class='ocrx_word' id='word_1_41' title='bbox 734 1427 995 1511; x_wconf 71' lang='lat' dir='ltr'>redintegrant</span> <span class='ocrx_word' id='word_1_42' title='bbox 1039 1425 1244 1495; x_wconf 60' lang='lat' dir='ltr'>Caesarius,</span> <span class='ocrx_word' id='word_1_43' title='bbox 1293 1445 1381 1492; x_wconf 90' lang='lat' dir='ltr'>cum</span> 
     </span>
     <span class='ocr_line' id='line_1_8' title="bbox 304 1567 1382 1654; baseline 0 -21"><span class='ocrx_word' id='word_1_44' title='bbox 304 1567 440 1654; x_wconf 70' lang='lat' dir='ltr'>virgini</span> <span class='ocrx_word' id='word_1_45' title='bbox 464 1568 612 1636; x_wconf 80' lang='lat' dir='ltr'>crudam</span> <span class='ocrx_word' id='word_1_46' title='bbox 638 1569 820 1636; x_wconf 72' lang='lat' dir='ltr'>scribens.</span> <span class='ocrx_word' id='word_1_47' title='bbox 847 1569 880 1636; x_wconf 82' lang='lat' dir='ltr'>ei</span> <span class='ocrx_word' id='word_1_48' title='bbox 900 1568 1052 1636; x_wconf 84' lang='lat' dir='ltr'>mandat</span> <span class='ocrx_word' id='word_1_49' title='bbox 1081 1595 1097 1627; x_wconf 72' lang='lat' dir='ltr'>a</span> <span class='ocrx_word' id='word_1_50' title='bbox 1127 1577 1168 1636; x_wconf 91' lang='lat' dir='ltr'>ut</span> <span class='ocrx_word' id='word_1_51' title='bbox 1188 1567 1327 1635; x_wconf 84' lang='lat' dir='ltr'>studiis</span> <span class='ocrx_word' id='word_1_52' title='bbox 1349 1575 1382 1634; x_wconf 88' lang='lat' dir='ltr'>et</span> 
     </span>
     <span class='ocr_line' id='line_1_9' title="bbox 307 1709 1380 1798; baseline -0.003 -20"><span class='ocrx_word' id='word_1_53' title='bbox 307 1709 558 1778; x_wconf 78' lang='lat' dir='ltr'>«divinarum</span> <span class='ocrx_word' id='word_1_54' title='bbox 585 1711 861 1798; x_wconf 83' lang='lat' dir='ltr'>Scripturarum</span> <span class='ocrx_word' id='word_1_55' title='bbox 890 1709 1380 1778; x_wconf 81' lang='lat' dir='ltr'>eruditionibus-intenta...</span> 
     </span>
     <span class='ocr_line' id='line_1_10' title="bbox 307 1853 1382 1944; baseline -0.001 -22"><span class='ocrx_word' id='word_1_56' title='bbox 307 1881 324 1915; x_wconf 75' lang='lat' dir='ltr'>a</span> <span class='ocrx_word' id='word_1_57' title='bbox 346 1853 540 1923; x_wconf 85' lang='lat' dir='ltr'>lectionem</span> <span class='ocrx_word' id='word_1_58' title='bbox 559 1864 622 1924; x_wconf 90' lang='lat' dir='ltr'>ant</span> <span class='ocrx_word' id='word_1_59' title='bbox 646 1855 726 1944; x_wconf 81' lang='lat' dir='ltr'>ipsa</span> <span class='ocrx_word' id='word_1_60' title='bbox 752 1856 982 1944; x_wconf 79' lang='lat' dir='ltr'>frequentius</span> <span class='ocrx_word' id='word_1_61' title='bbox 1002 1854 1111 1940; x_wconf 81' lang='lat' dir='ltr'>legat,</span> <span class='ocrx_word' id='word_1_62' title='bbox 1138 1865 1202 1923; x_wconf 86' lang='lat' dir='ltr'>aut</span> <span class='ocrx_word' id='word_1_63' title='bbox 1223 1854 1382 1940; x_wconf 85' lang='lat' dir='ltr'>legentis</span> 
     </span>
     <span class='ocr_line' id='line_1_11' title="bbox 308 1999 1383 2090; baseline -0.001 -25"><span class='ocrx_word' id='word_1_64' title='bbox 308 2027 324 2061; x_wconf 72' lang='lat' dir='ltr'>a</span> <span class='ocrx_word' id='word_1_65' title='bbox 347 2001 456 2068; x_wconf 77' lang='lat' dir='ltr'>verba</span> <span class='ocrx_word' id='word_1_66' title='bbox 479 2011 551 2068; x_wconf 86' lang='lat' dir='ltr'>tota</span> <span class='ocrx_word' id='word_1_67' title='bbox 573 2002 730 2090; x_wconf 84' lang='lat' dir='ltr'>pectoris</span> <span class='ocrx_word' id='word_1_68' title='bbox 754 2001 927 2068; x_wconf 76' lang='lat' dir='ltr'>ariditate</span> <span class='ocrx_word' id='word_1_69' title='bbox 950 2000 1128 2088; x_wconf 75' lang='lat' dir='ltr'>suscipiat</span> <span class='ocrx_word' id='word_1_70' title='bbox 1146 2029 1163 2062; x_wconf 73' lang='lat' dir='ltr'><em>u</em></span> <span class='ocrx_word' id='word_1_71' title='bbox 1180 2002 1244 2087; x_wconf 66' lang='lat' dir='ltr'>tl).</span> <span class='ocrx_word' id='word_1_72' title='bbox 1261 1999 1383 2078; x_wconf 88' lang='lat' dir='ltr'>Quam</span> 
     </span>
     <span class='ocr_line' id='line_1_12' title="bbox 307 2140 1382 2230; baseline -0.005 -20"><span class='ocrx_word' id='word_1_73' title='bbox 307 2141 503 2210; x_wconf 89' lang='lat' dir='ltr'>lectionem</span> <span class='ocrx_word' id='word_1_74' title='bbox 522 2141 571 2208; x_wconf 86' lang='lat' dir='ltr'>ita</span> <span class='ocrx_word' id='word_1_75' title='bbox 596 2142 790 2210; x_wconf 73' lang='lat' dir='ltr'>assiduam</span> <span class='ocrx_word' id='word_1_76' title='bbox 814 2140 1035 2230; x_wconf 63' lang='lat' dir='ltr'>prescribit,</span> <span class='ocrx_word' id='word_1_77' title='bbox 1061 2151 1100 2208; x_wconf 93' lang='lat' dir='ltr'>ut</span> <span class='ocrx_word' id='word_1_78' title='bbox 1128 2161 1175 2208; x_wconf 88' lang='lat' dir='ltr'>ne</span> <span class='ocrx_word' id='word_1_79' title='bbox 1196 2160 1382 2208; x_wconf 91' lang='lat' dir='ltr'>manuum</span> 
     </span>
     <span class='ocr_line' id='line_1_13' title="bbox 307 2283 1382 2374; baseline -0.003 -21"><span class='ocrx_word' id='word_1_80' title='bbox 307 2284 458 2374; x_wconf 87' lang='lat' dir='ltr'>quidem</span> <span class='ocrx_word' id='word_1_81' title='bbox 477 2305 587 2373; x_wconf 87' lang='lat' dir='ltr'>opera</span> <span class='ocrx_word' id='word_1_82' title='bbox 607 2303 693 2352; x_wconf 90' lang='lat' dir='ltr'>eam</span> <span class='ocrx_word' id='word_1_83' title='bbox 710 2285 991 2352; x_wconf 89' lang='lat' dir='ltr'>intermitterent</span> <span class='ocrx_word' id='word_1_84' title='bbox 1014 2306 1022 2349; x_wconf 93' lang='lat'>:</span> <span class='ocrx_word' id='word_1_85' title='bbox 1052 2309 1069 2345; x_wconf 68' lang='lat' dir='ltr'>a</span> <span class='ocrx_word' id='word_1_86' title='bbox 1098 2284 1158 2352; x_wconf 85' lang='lat' dir='ltr'>Sic</span> <span class='ocrx_word' id='word_1_87' title='bbox 1178 2283 1328 2351; x_wconf 90' lang='lat' dir='ltr'>lectioni</span> <span class='ocrx_word' id='word_1_88' title='bbox 1348 2291 1382 2350; x_wconf 90' lang='lat' dir='ltr'>et</span> 
     </span>
     <span class='ocr_line' id='line_1_14' title="bbox 310 2426 1381 2505; baseline 0.004 -16"><span class='ocrx_word' id='word_1_89' title='bbox 310 2427 579 2496; x_wconf 73' lang='lat' dir='ltr'>«meditationi</span> <span class='ocrx_word' id='word_1_90' title='bbox 618 2427 759 2496; x_wconf 87' lang='lat' dir='ltr'>debetis</span> <span class='ocrx_word' id='word_1_91' title='bbox 795 2427 1023 2505; x_wconf 77' lang='lat' dir='ltr'>incumbere,</span> <span class='ocrx_word' id='word_1_92' title='bbox 1058 2437 1098 2494; x_wconf 91' lang='lat' dir='ltr'>ut</span> <span class='ocrx_word' id='word_1_93' title='bbox 1132 2437 1219 2494; x_wconf 91' lang='lat' dir='ltr'>ante</span> <span class='ocrx_word' id='word_1_94' title='bbox 1254 2426 1381 2494; x_wconf 92' lang='lat' dir='ltr'>omnia</span> 
     </span>
     <span class='ocr_line' id='line_1_15' title="bbox 310 2570 1291 2660; baseline 0.005 -27"><span class='ocrx_word' id='word_1_95' title='bbox 310 2595 327 2633; x_wconf 79' lang='lat' dir='ltr'>a</span> <span class='ocrx_word' id='word_1_96' title='bbox 348 2571 460 2639; x_wconf 88' lang='lat' dir='ltr'>etiam</span> <span class='ocrx_word' id='word_1_97' title='bbox 480 2571 656 2638; x_wconf 91' lang='lat' dir='ltr'>manibus</span> <span class='ocrx_word' id='word_1_98' title='bbox 676 2571 828 2659; x_wconf 85' lang='lat' dir='ltr'>possitis</span> <span class='ocrx_word' id='word_1_99' title='bbox 842 2570 981 2660; x_wconf 91' lang='lat' dir='ltr'>aliquid</span> <span class='ocrx_word' id='word_1_100' title='bbox 1001 2591 1171 2639; x_wconf 75' lang='lat' dir='ltr'>exemere</span> <span class='ocrx_word' id='word_1_101' title='bbox 1187 2597 1205 2634; x_wconf 74' lang='lat' dir='ltr'>a</span> <span class='ocrx_word' id='word_1_102' title='bbox 1227 2573 1291 2658; x_wconf 76' lang='lat'><strong>(2).</strong></span> 
     </span>
     <span class='ocr_line' id='line_1_16' title="bbox 351 2711 1382 2801; baseline 0 -21"><span class='ocrx_word' id='word_1_103' title='bbox 351 2711 447 2791; x_wconf 88' lang='lat' dir='ltr'>Quid</span> <span class='ocrx_word' id='word_1_104' title='bbox 481 2711 634 2781; x_wconf 76' lang='lat' dir='ltr'>valuerit</span> <span class='ocrx_word' id='word_1_105' title='bbox 661 2712 804 2780; x_wconf 80' lang='lat' dir='ltr'>efficere</span> <span class='ocrx_word' id='word_1_106' title='bbox 833 2712 873 2780; x_wconf 89' lang='lat' dir='ltr'>in</span> <span class='ocrx_word' id='word_1_107' title='bbox 907 2712 1137 2801; x_wconf 88' lang='lat' dir='ltr'>parthenone</span> <span class='ocrx_word' id='word_1_108' title='bbox 1168 2711 1382 2782; x_wconf 77' lang='lat' dir='ltr'>Arelatensi</span> 
     </span>
     <span class='ocr_line' id='line_1_17' title="bbox 307 2856 1383 2946; baseline -0.002 -20"><span class='ocrx_word' id='word_1_109' title='bbox 307 2866 371 2926; x_wconf 88' lang='lat' dir='ltr'>aut</span> <span class='ocrx_word' id='word_1_110' title='bbox 397 2857 632 2936; x_wconf 75' lang='lat' dir='ltr'>pictaviensi,</span> <span class='ocrx_word' id='word_1_111' title='bbox 663 2856 718 2924; x_wconf 79' lang='lat' dir='ltr'>vel</span> <span class='ocrx_word' id='word_1_112' title='bbox 746 2856 786 2923; x_wconf 92' lang='lat' dir='ltr'>in</span> <span class='ocrx_word' id='word_1_113' title='bbox 813 2857 943 2924; x_wconf 86' lang='lat' dir='ltr'>ceteris</span> <span class='ocrx_word' id='word_1_114' title='bbox 974 2857 1020 2926; x_wconf 92' lang='lat' dir='ltr'>ad</span> <span class='ocrx_word' id='word_1_115' title='bbox 1049 2879 1145 2946; x_wconf 92' lang='lat' dir='ltr'>quos</span> <span class='ocrx_word' id='word_1_116' title='bbox 1173 2866 1383 2926; x_wconf 74' lang='lat' dir='ltr'>accesserat</span> 
     </span>
     <span class='ocr_line' id='line_1_18' title="bbox 308 2996 1383 3077; baseline 0.001 -10"><span class='ocrx_word' id='word_1_117' title='bbox 308 2998 462 3068; x_wconf 64' lang='lat' dir='ltr'>Caesarii</span> <span class='ocrx_word' id='word_1_118' title='bbox 481 2997 697 3077; x_wconf 82' lang='lat' dir='ltr'>auctoritas,</span> <span class='ocrx_word' id='word_1_119' title='bbox 714 3018 797 3064; x_wconf 85' lang='lat' dir='ltr'>rara</span> <span class='ocrx_word' id='word_1_120' title='bbox 817 2997 881 3065; x_wconf 89' lang='lat' dir='ltr'>sed</span> <span class='ocrx_word' id='word_1_121' title='bbox 903 2996 1001 3064; x_wconf 91' lang='lat' dir='ltr'>haud</span> <span class='ocrx_word' id='word_1_122' title='bbox 1022 2999 1259 3068; x_wconf 85' lang='lat' dir='ltr'>mediocriter</span> <span class='ocrx_word' id='word_1_123' title='bbox 1277 3000 1383 3068; x_wconf 87' lang='lat' dir='ltr'>illus·</span> 
     </span>
     <span class='ocr_line' id='line_1_19' title="bbox 308 3141 1381 3221; baseline 0.001 -11"><span class='ocrx_word' id='word_1_124' title='bbox 308 3141 377 3210; x_wconf 87' lang='lat' dir='ltr'>tria</span> <span class='ocrx_word' id='word_1_125' title='bbox 408 3141 618 3210; x_wconf 86' lang='lat' dir='ltr'>testimonia</span> <span class='ocrx_word' id='word_1_126' title='bbox 653 3141 853 3209; x_wconf 87' lang='lat' dir='ltr'>declarant.</span> <span class='ocrx_word' id='word_1_127' title='bbox 882 3141 1043 3208; x_wconf 80' lang='lat' dir='ltr'>Caesaria</span> <span class='ocrx_word' id='word_1_128' title='bbox 1074 3142 1188 3221; x_wconf 90' lang='lat' dir='ltr'>enim,</span> <span class='ocrx_word' id='word_1_129' title='bbox 1224 3143 1381 3211; x_wconf 70' lang='lat' dir='ltr'>Caesarii</span> 
     </span>
     <span class='ocr_line' id='line_1_20' title="bbox 307 3284 1383 3376; baseline 0.001 -23"><span class='ocrx_word' id='word_1_130' title='bbox 307 3305 425 3364; x_wconf 83' lang='lat' dir='ltr'>soror,</span> <span class='ocrx_word' id='word_1_131' title='bbox 452 3285 753 3374; x_wconf 78' lang='lat' dir='ltr'>monasterioque</span> <span class='ocrx_word' id='word_1_132' title='bbox 778 3284 1199 3373; x_wconf 84' lang='lat' dir='ltr'>Arelatensipraefecta,</span> <span class='ocrx_word' id='word_1_133' title='bbox 1222 3285 1260 3354; x_wconf 94' lang='lat' dir='ltr'>in</span> <span class='ocrx_word' id='word_1_134' title='bbox 1287 3287 1383 3376; x_wconf 84' lang='lat' dir='ltr'>cpis-</span> 
     </span>
     <span class='ocr_line' id='line_1_21' title="bbox 309 3426 1384 3518; baseline 0.001 -22"><span class='ocrx_word' id='word_1_135' title='bbox 309 3428 381 3496; x_wconf 86' lang='lat' dir='ltr'>tola</span> <span class='ocrx_word' id='word_1_136' title='bbox 401 3426 596 3495; x_wconf 79' lang='lat' dir='ltr'>sententiis</span> <span class='ocrx_word' id='word_1_137' title='bbox 621 3449 640 3494; x_wconf 88' lang='lat' dir='ltr'>e</span> <span class='ocrx_word' id='word_1_138' title='bbox 660 3428 849 3517; x_wconf 83' lang='lat' dir='ltr'>Scriptura</span> <span class='ocrx_word' id='word_1_139' title='bbox 879 3429 991 3495; x_wconf 86' lang='lat' dir='ltr'>Sacra</span> <span class='ocrx_word' id='word_1_140' title='bbox 1015 3427 1247 3518; x_wconf 84' lang='lat' dir='ltr'>depromptis</span> <span class='ocrx_word' id='word_1_141' title='bbox 1272 3430 1384 3499; x_wconf 88' lang='lat' dir='ltr'>inter-</span> 
     </span>
     <span class='ocr_line' id='line_1_22' title="bbox 310 3570 1383 3662; baseline 0.003 -22"><span class='ocrx_word' id='word_1_142' title='bbox 310 3581 420 3652; x_wconf 84' lang='lat' dir='ltr'>texta,</span> <span class='ocrx_word' id='word_1_143' title='bbox 455 3593 541 3662; x_wconf 82' lang='lat' dir='ltr'>quae</span> <span class='ocrx_word' id='word_1_144' title='bbox 573 3580 693 3640; x_wconf 82' lang='lat' dir='ltr'>exstat</span> <span class='ocrx_word' id='word_1_145' title='bbox 724 3572 771 3639; x_wconf 86' lang='lat' dir='ltr'>ad</span> <span class='ocrx_word' id='word_1_146' title='bbox 805 3570 1011 3639; x_wconf 89' lang='lat' dir='ltr'>Richildem</span> <span class='ocrx_word' id='word_1_147' title='bbox 1045 3574 1383 3660; x_wconf 85' lang='lat' dir='ltr'>etRadegundem</span> 
     </span>
     <span class='ocr_line' id='line_1_23' title="bbox 308 3714 1384 3806; baseline 0.001 -21"><span class='ocrx_word' id='word_1_148' title='bbox 308 3715 457 3806; x_wconf 77' lang='lat' dir='ltr'>scripta,</span> <span class='ocrx_word' id='word_1_149' title='bbox 480 3715 515 3784; x_wconf 92' lang='lat' dir='ltr'>id</span> <span class='ocrx_word' id='word_1_150' title='bbox 531 3738 551 3784; x_wconf 92' lang='lat' dir='ltr'>a</span> <span class='ocrx_word' id='word_1_151' title='bbox 568 3715 776 3802; x_wconf 77' lang='lat' dir='ltr'>virginibus</span> <span class='ocrx_word' id='word_1_152' title='bbox 796 3714 941 3801; x_wconf 84' lang='lat' dir='ltr'>exigere</span> <span class='ocrx_word' id='word_1_153' title='bbox 961 3715 1116 3795; x_wconf 77' lang='lat' dir='ltr'>ridetur,</span> <span class='ocrx_word' id='word_1_154' title='bbox 1134 3725 1175 3784; x_wconf 88' lang='lat' dir='ltr'>nt</span> <span class='ocrx_word' id='word_1_155' title='bbox 1192 3717 1384 3787; x_wconf 87' lang='lat' dir='ltr'>discendis</span> 
     </span>
     <span class='ocr_line' id='line_1_24' title="bbox 310 3845 1382 3946; baseline -0.001 -19"><span class='ocrx_word' id='word_1_156' title='bbox 310 3856 442 3927; x_wconf 83' lang='lat' dir='ltr'>litteris</span> <span class='ocrx_word' id='word_1_157' title='bbox 463 3859 629 3926; x_wconf 79' lang='lat' dir='ltr'>studiose</span> <span class='ocrx_word' id='word_1_158' title='bbox 650 3879 690 3926; x_wconf 88' lang='lat' dir='ltr'>se</span> <span class='ocrx_word' id='word_1_159' title='bbox 709 3865 836 3946; x_wconf 87' lang='lat' dir='ltr'>aptent</span> <span class='ocrx_word' id='word_1_160' title='bbox 857 3878 865 3923; x_wconf 74' lang='grc' dir='ltr'>ε</span> <span class='ocrx_word' id='word_1_161' title='bbox 888 3845 969 3925; x_wconf 82' lang='lat' dir='ltr'>«Et</span> <span class='ocrx_word' id='word_1_162' title='bbox 990 3855 1089 3925; x_wconf 89' lang='lat' dir='ltr'>nulla</span> <span class='ocrx_word' id='word_1_163' title='bbox 1112 3857 1161 3926; x_wconf 90' lang='lat' dir='ltr'>sit</span> <span class='ocrx_word' id='word_1_164' title='bbox 1179 3859 1226 3928; x_wconf 89' lang='lat' dir='ltr'>de</span> <span class='ocrx_word' id='word_1_165' title='bbox 1240 3859 1382 3928; x_wconf 85' lang='lat' dir='ltr'>intran-</span> 
     </span>
    </p>
   </div>
   <div class='ocr_carea' id='block_1_3' title="bbox 310 3998 1381 4101">
    <p class='ocr_par' dir='ltr' id='par_1_3' title="bbox 310 3998 1381 4101">
     <span class='ocr_line' id='line_1_25' title="bbox 310 3998 1381 4101; baseline 0.005 -36"><span class='ocrx_word' id='word_1_166' title='bbox 310 4024 326 4066; x_wconf 82' lang='lat' dir='ltr'>tt</span> <span class='ocrx_word' id='word_1_167' title='bbox 349 4000 460 4082; x_wconf 79' lang='lat' dir='ltr'>tibus,</span> <span class='ocrx_word' id='word_1_168' title='bbox 482 4022 569 4092; x_wconf 84' lang='lat' dir='ltr'>quae</span> <span class='ocrx_word' id='word_1_169' title='bbox 590 4021 666 4068; x_wconf 88' lang='lat' dir='ltr'>non</span> <span class='ocrx_word' id='word_1_170' title='bbox 687 3999 828 4101; x_wconf 71' lang='lat' dir='ltr'>litteras</span> <span class='ocrx_word' id='word_1_171' title='bbox 850 3998 980 4079; x_wconf 86' lang='lat' dir='ltr'>discat,</span> <span class='ocrx_word' id='word_1_172' title='bbox 1004 4020 1136 4069; x_wconf 88' lang='lat' dir='ltr'>omnes</span> <span class='ocrx_word' id='word_1_173' title='bbox 1161 4001 1381 4090; x_wconf 86' lang='lat' dir='ltr'>psalterium</span> 
     </span>
    </p>
   </div>
   <div class='ocr_carea' id='block_1_4' title="bbox 342 4207 1184 4384">
    <p class='ocr_par' dir='ltr' id='par_1_4' title="bbox 342 4207 1184 4384">
     <span class='ocr_line' id='line_1_26' title="bbox 342 4207 1184 4288; baseline -0.001 -18"><span class='ocrx_word' id='word_1_174' title='bbox 342 4213 381 4288; x_wconf 86' lang='lat'>(1)</span> <span class='ocrx_word' id='word_1_175' title='bbox 397 4213 494 4288; x_wconf 79' lang='lat' dir='ltr'>Epist.</span> <span class='ocrx_word' id='word_1_176' title='bbox 510 4212 549 4281; x_wconf 85' lang='lat' dir='ltr'>u,</span> <span class='ocrx_word' id='word_1_177' title='bbox 565 4209 679 4267; x_wconf 83' lang='lat' dir='ltr'>Patrol.</span> <span class='ocrx_word' id='word_1_178' title='bbox 697 4210 749 4275; x_wconf 83' lang='lat' dir='ltr'>lat,</span> <span class='ocrx_word' id='word_1_179' title='bbox 766 4215 786 4265; x_wconf 86' lang='lat' dir='ltr'>t.</span> <span class='ocrx_word' id='word_1_180' title='bbox 804 4207 926 4280; x_wconf 85' lang='lat' dir='ltr'>vau,</span> <span class='ocrx_word' id='word_1_181' title='bbox 943 4212 1001 4267; x_wconf 87' lang='lat' dir='ltr'>ool.</span> <span class='ocrx_word' id='word_1_182' title='bbox 1019 4212 1184 4270; x_wconf 80' lang='lat' dir='ltr'>113o1135.</span> 
     </span>
     <span class='ocr_line' id='line_1_27' title="bbox 345 4309 1012 4384; baseline -0.001 -17"><span class='ocrx_word' id='word_1_183' title='bbox 345 4313 381 4384; x_wconf 76' lang='lat'>(2)</span> <span class='ocrx_word' id='word_1_184' title='bbox 397 4315 508 4370; x_wconf 75' lang='lat' dir='ltr'>Sermo</span> <span class='ocrx_word' id='word_1_185' title='bbox 521 4315 563 4368; x_wconf 80' lang='lat' dir='ltr'>od</span> <span class='ocrx_word' id='word_1_186' title='bbox 578 4309 844 4373; x_wconf 75' lang='lat' dir='ltr'>Sanctttnonates,</span> <span class='ocrx_word' id='word_1_187' title='bbox 858 4309 915 4366; x_wconf 87' lang='lat' dir='ltr'>cot.</span> <span class='ocrx_word' id='word_1_188' title='bbox 932 4310 1012 4366; x_wconf 74' lang='lat'><strong>1132.</strong></span> 
     </span>
    </p>
   </div>
   <div class='ocr_carea' id='block_1_5' title="bbox 0 0 1546 4956">
    <p class='ocr_par' dir='ltr' id='par_1_5' title="bbox 0 0 1546 4956">
     <span class='ocr_line' id='line_1_28' title="bbox 0 0 1546 4956; baseline 0 0"><span class='ocrx_word' id='word_1_189' title='bbox 0 0 1546 4956; x_wconf 95' lang='lat' dir='ltr'> </span> 
     </span>
    </p>
   </div>
  </div>
 </body>
</html>
