3058 4960
701 461 879 535 ..12-

255 708 437 780 quemque
456 687 665 770 innotescit,
687 698 728 758 ut
751 689 844 779 ipsis
863 690 970 781 quasi
991 713 1059 760 sua
1080 690 1235 761 historia
1257 689 1318 772 sit,

254 840 377 901 tamen
403 833 489 925 quia
517 833 568 902 rei
596 841 735 902 nostrae
758 832 886 903 intime
911 833 1066 915 haerent,
1089 835 1133 904 de
1158 833 1321 922 singulis

254 993 370 1061 pauca
392 975 525 1043 referre
542 994 617 1043 non
635 974 746 1064 piget.

298 1119 355 1187 Ab
386 1119 576 1188 Honorato
609 1117 874 1208 incipiendum,
909 1119 1016 1210 cujus
1049 1141 1107 1188 res
1140 1119 1321 1210 praeclare

254 1272 369 1353 gestae
406 1262 486 1353 pari
524 1262 658 1343 studia,
694 1263 773 1353 pari
802 1285 903 1356 cura,
934 1263 1088 1354 parique
1116 1284 1242 1332 arnore
1270 1262 1317 1331 ab

254 1407 396 1475 Hilario
427 1406 647 1487 Arelatensi,
681 1406 761 1497 ejus
789 1406 983 1496 discipule,
1011 1407 1051 1475 in
1078 1427 1250 1476 serrnone
1277 1407 1322 1476 de

263 1555 346 1619 Vz'to
366 1554 551 1620 Honorati
569 1550 755 1638 eleganter
772 1559 985 1621 narrantur.
1007 1550 1086 1619 Etsi
1106 1550 1153 1619 ad
1173 1549 1321 1640 piorum

254 1691 408 1760 affectus
428 1691 643 1772 movendos
670 1691 754 1781 pius
778 1691 869 1781 ipse,
893 1692 975 1760 haec
1001 1691 1168 1761 Hilarius
1187 1691 1322 1762 effude-

255 1833 313 1916 rit,
349 1855 395 1904 ex
426 1856 468 1903 eo
500 1844 622 1905 tamen
659 1856 830 1904 sermone
862 1835 975 1926 liquet
1007 1836 1240 1905 Honoratum
1275 1835 1320 1904 ab

254 1979 499 2049 adolescentia
519 1978 569 2048 ita
590 1978 803 2049 liberalibus
823 1979 966 2048 artibus
987 1978 1168 2048 nutritum
1189 1987 1224 2048 et
1241 1999 1322 2048 eru·

254 2122 372 2191 ditum
402 2122 530 2204 luisse,
562 2130 602 2191 ut
629 2121 766 2209 dignus
786 2131 883 2192 esset
902 2122 965 2214 qui
982 2131 1070 2193 tunc
1097 2122 1153 2191 vel
1178 2123 1319 2193 scholae

253 2265 447 2335 Lerinensi
475 2263 657 2352 originem
686 2264 800 2346 daret,
828 2273 906 2335 turn
937 2265 1008 2356 ipsi
1032 2265 1228 2355 disciplina
1251 2287 1318 2336 sua

254 2418 289 2479 et
316 2408 532 2479 auctoritate
561 2418 749 2497 praeesset.
775 2409 927 2479 Nullum
956 2409 1106 2504 quidem
1126 2429 1220 2498 opus
1240 2407 1321 2500 ejus

154 2587 156 2592 ·
255 2553 498 2644 exstat,·quia
519 2574 712 2645 nunquam
739 2573 797 2620 res
816 2559 940 2639 gestas
968 2560 1032 2622 aut
1061 2551 1179 2621 dictas
1205 2560 1321 2641 poste-

256 2681 381 2765 rorum
402 2696 592 2765 memoriae
613 2695 790 2765 mandare
820 2695 859 2764 in
888 2695 1013 2764 anirno
1035 2694 1176 2764 habuit.
1211 2695 1245 2764 ls
1271 2703 1321 2763 ta·

255 2860 341 2908 men
357 2859 433 2907 non
453 2837 656 2928 discipulos
677 2846 821 2909 tanturn
837 2839 876 2907 in
896 2839 1020 2908 insula
1041 2839 1153 2908 vitam
1170 2845 1321 2926 agentes

254 2981 420 3051 doctrina
444 2980 659 3062 informare,
692 2980 756 3050 sed
781 2981 919 3050 multos
951 2981 1046 3049 alios
1080 2980 1328 3070 epistolarum

256 3146 324 3214 ope
348 3125 387 3193 in
418 3133 513 3194 recta
542 3125 687 3194 vivendi
718 3124 860 3194 ratione
889 3125 1110 3195 confirrnare
1148 3124 1318 3195 studuit:

257 3288 344 3335 narn
373 3293 390 3332 «
411 3249 577 3336 certatirn
602 3268 648 3336 ad
669 3267 775 3337 illum
795 3267 967 3336 latentem
994 3267 1159 3358 undique
1187 3266 1321 3336 littera·

257 3432 340 3480 rurn
367 3411 486 3480 officia
514 3411 651 3502 perlata
682 3420 782 3493 sunt,
817 3412 953 3502 quibus
984 3411 1045 3481 ille
1077 3432 1190 3501 quarn
1215 3409 1321 3479 novis

256 3553 449 3624 affectibus
467 3554 606 3624 variata
639 3554 823 3636 reddebat,
858 3576 971 3646 quarn
1000 3555 1139 3642 gravia,
1171 3573 1321 3646 «quarn

258 3694 445 3786 «blanda,
467 3718 579 3788 quam
602 3697 722 3767 dulcia
741 3723 757 3763 a
780 3699 841 3787 (1).
864 3698 968 3777 Quod
994 3697 1026 3766 si
1050 3697 1158 3766 bonis
1179 3697 1322 3766 artibus

256 3856 363 3904 mens
390 3836 471 3927 ejus
491 3838 635 3907 exculta
671 3838 750 3919 fuit,
782 3847 922 3930 quanto
956 3839 1077 3926 magis
1106 3846 1321 3908 mansuetu-

255 3977 353 4060 dine,
375 3979 550 4068 patientia
571 3989 606 4051 et
625 3981 727 4050 ornni
747 4002 881 4069 genere
900 3981 1092 4063 virtutum,
1114 3981 1321 4074 quaepiam

291 4188 329 4259 (l)
354 4189 416 4245 Stur
431 4189 569 4248 Hilarius
584 4192 699 4248 Arelat.
717 4195 828 4251 Sermo
857 4197 895 4251 de
921 4193 990 4250 Vita
1011 4147 1323 4260 primoomnium

167 4367 172 4380 ,
255 4283 320 4352 Sd„
353 4292 373 4343 t.
401 4287 438 4356 ll,
463 4290 600 4361 Januar,
626 4310 655 4366 p.
676 4291 720 4348 19.
738 4292 850 4350 Patrol.
868 4292 918 4349 lut.
936 4298 956 4349 t.
977 4293 1010 4362 L,
1027 4291 1085 4349 col.
1111 4289 1181 4347 1239
1205 4297 1235 4348 et
1256 4307 1321 4366 seq.
