3058 4960
672 460 851 530 „43-

226 681 328 752 vium
354 692 500 752 constat
523 684 654 754 idonea
677 685 771 766 sint,
789 686 828 754 in
849 707 890 755 ea
913 686 1098 777 praecipue
1119 685 1295 758 tradenda

226 827 349 914 magis
368 827 589 898 incubuisse.
603 829 825 899 Lerinenses
845 829 1013 918 magistri
1030 830 1214 900 ridentur.

272 973 457 1040 Praeterea
477 973 512 1040 vi
533 973 693 1063 quodam
714 984 749 1042 ct
768 995 808 1042 ea
825 973 1048 1042 necessitate
1074 996 1159 1065 quae
1179 975 1296 1044 rebus

226 1114 325 1183 inest
353 1115 399 1182 ad
424 1115 461 1183 id
485 1115 769 1205 impellebantur
793 1117 962 1204 magistri
991 1117 1224 1198 LerinenseS,
1257 1127 1296 1186 ut

226 1271 262 1330 et
281 1261 353 1352 ipsi
381 1262 528 1332 easdem
558 1271 668 1343 artes,
699 1264 852 1354 quasin
873 1263 1011 1332 scholis
1039 1263 1205 1332 romanis
1224 1263 1295 1352 pri·

227 1400 333 1474 mum
352 1405 568 1486 didicerant,
591 1406 684 1474 alios
704 1401 887 1475 docerent.
909 1409 1049 1475 Nature
1072 1407 1171 1476 enim
1188 1407 1295 1497 proni

227 1556 318 1617 sunt
344 1549 513 1636 magistri
539 1550 584 1618 ud
611 1572 651 1618 ea
680 1550 855 1619 tradenda
881 1570 965 1640 quae
990 1559 1024 1618 et
1044 1549 1115 1640 ipsi
1141 1551 1187 1618 ab
1212 1551 1296 1619 aliis

226 1689 448 1759 didicerunt.
471 1692 575 1772 Quod
596 1693 627 1760 si
648 1714 775 1762 rerum
796 1701 863 1772 est,
884 1713 970 1783 quae
990 1693 1157 1762 Hilarius
1171 1694 1296 1763 Arela-

228 1834 358 1914 tensis,
389 1835 610 1904 Vincentius
630 1835 857 1916 LerinensiS,
880 1836 1091 1916 Salvianus,
1120 1838 1293 1916 Faustus,

228 1979 413 2070 ceterique
436 2001 568 2049 omnes
590 1980 1008 2070 docuerintdiscipulos
1028 1981 1134 2049 facile
1162 1981 1295 2071 conjici

228 2131 359 2212 potest.
383 2123 430 2191 Hi
451 2133 540 2192 sunt
559 2124 658 2193 enim
679 2124 755 2215 qui,
775 2125 904 2214 primis
928 2126 1049 2195 aetatis
1069 2147 1149 2195 suae
1169 2127 1293 2207 annis,

226 2264 267 2332 in
294 2266 543 2336 celeberrimis
579 2267 709 2336 Galliae
743 2267 881 2336 scholis
914 2268 1069 2362 assidui,
1099 2268 1230 2338 deinde
1257 2267 1295 2336 in

227 2409 498 2478 monasterium
531 2409 731 2478 Lerinense
765 2410 901 2478 artium
937 2410 1145 2479 liberalium
1179 2410 1295 2479 scien-

227 2553 330 2632 tiam,
360 2560 563 2634 oratorum,
593 2562 856 2644 poetarumque
875 2553 1015 2622 cultum
1045 2553 1144 2622 haud
1170 2553 1297 2622 imme-

227 2669 298 2765 rilo
314 2697 514 2767 attulerant
543 2721 550 2765 :
579 2724 595 2762 a
624 2699 757 2766 Sancta
786 2707 874 2766 sunt
899 2697 998 2767 enim
1019 2698 1140 2767 studio
1163 2698 1296 2767 littera-

232 2867 248 2904 «
274 2862 356 2909 rum
374 2840 413 2908 in
429 2841 565 2931 quibus
581 2850 666 2911 ante
681 2841 906 2911 incrementa
923 2842 1061 2930 peritiae
1077 2841 1162 2910 vitiu
1178 2842 1296 2910 dedis-

229 3011 246 3050 «
266 2993 404 3054 cuntur
424 3011 440 3050 n
471 2987 532 3073 (1).
561 2985 639 3054 Etsi
661 2985 827 3074 profanis
847 2985 1005 3072 negotiis
1025 2985 1096 3075 ipsi
1116 2985 1295 3054 valedixe-

196 3189 202 3198 .
227 3138 325 3209 rant,
347 3137 523 3208 attamen,
536 3150 630 3197 vcarm
651 3138 686 3196 et
705 3138 895 3218 poetarum
916 3128 1047 3197 modos
1063 3128 1297 3197 rhetorumre

226 3269 477 3360 eloquentiam
506 3270 691 3338 interdum
716 3269 962 3350 imitarentur,
992 3270 1128 3338 nedum
1150 3291 1295 3359 respue-

227 3421 322 3492 rent,
344 3411 552 3502 disciplinis
573 3411 611 3478 in
632 3433 703 3480 usu
723 3421 830 3480 antea
852 3410 988 3480 habitis
1008 3411 1213 3500 perstitisse
1232 3433 1296 3480 eos

226 3557 321 3626 satis
350 3563 508 3624 constat.
537 3555 758 3624 Vincentius
791 3555 890 3623 enim
924 3553 1151 3634 Lerinensis,
1185 3553 1295 3622 Tullii

225 3689 383 3780 memor,
396 3699 477 3789 ejus
493 3719 703 3767 sermonem
717 3697 857 3788 passim
873 3697 1010 3766 imitari
1026 3697 1180 3766 minime
1196 3718 1296 3766 recu-

225 3853 305 3926 sat;
328 3842 429 3911 huno
448 3842 615 3912 imitatus
631 3850 697 3922 est,
713 3841 788 3909 imo
801 3841 942 3910 excedit
957 3841 1167 3921 Salvianus,
1185 3862 1295 3931 quem

224 3987 460 4078 antiquitatis
489 3988 598 4055 liores
635 3987 674 4054 in
708 3986 812 4056 libris
845 3987 926 4055 suis
954 4007 1147 4056 conserere
1177 3987 1292 4077 juvat.

117 4158 122 4161 ·
225 4131 324 4213 Quid
345 4131 389 4200 de
409 4130 564 4210 Hilari0,
587 4151 671 4199 cum
692 4129 731 4198 in
751 4130 894 4217 agendo
916 4129 1100 4199 indelessa
1130 4129 1296 4219 corporis

263 4329 303 4401 (l)
319 4327 451 4384 Ennodii
467 4327 578 4401 Opera.
597 4325 667 4383 edit.
685 4327 802 4394 Hartel,
818 4329 907 4402 epist.
925 4328 962 4394 V,
978 4328 1022 4397 to,
1040 4346 1068 4402 p.
1085 4327 1147 4384 2134.
