3058 4960
725 455 906 528 ..20-

285 678 421 750 nadius
441 678 598 748 nitorem
613 678 874 750 Vincentianae
895 679 1035 767 linguae
1051 678 1225 749 laudibus
1239 678 1352 749 extol-

282 821 324 891 lit
345 824 409 911 (1),
424 822 665 915 Pithaeusque
683 823 728 892 da
749 826 1037 894 commonitorio
1057 823 1213 914 loquens
1232 822 1320 892 dicit
1342 845 1350 892 :

285 991 301 1030 a
323 965 424 1037 Nihil
452 986 494 1034 eo
522 985 657 1054 genera
683 973 747 1036 aut
774 965 906 1056 maj0ri
931 965 1071 1056 judicio
1099 973 1163 1034 aut
1189 963 1353 1034 acutiore

284 1134 301 1173 a
322 1108 416 1200 stylo
430 1108 682 1199 conscriptum
695 1134 711 1173 »
728 1110 790 1198 (2).
802 1108 989 1178 Vincentii
1005 1114 1182 1198 praetcrea
1200 1133 1216 1172 a
1233 1128 1350 1199 quam

286 1277 302 1316 a
325 1251 419 1322 mira
441 1251 550 1322 fuerit
580 1251 749 1333 eruditi0,
783 1251 929 1322 libellus
963 1251 1081 1342 ipsius
1108 1249 1280 1331 ostendit,
1310 1257 1352 1320 ut

285 1420 302 1459 a
324 1394 387 1464 vix
407 1394 455 1464 sit
475 1395 633 1484 reperire
652 1394 715 1486 qui
736 1394 973 1484 paucioribus
993 1392 1132 1464 chartis
1153 1391 1294 1484 majora
1314 1400 1351 1462 et

283 1563 300 1603 a
321 1537 473 1606 feliciori
494 1545 611 1606 tractu
630 1537 853 1608 concluserit
873 1564 890 1603 a
913 1539 974 1626 (3).

329 1681 428 1750 lnler
446 1700 510 1750 eos
529 1680 678 1772 quidem
707 1679 771 1750 sed
798 1679 956 1771 propriis
980 1679 1179 1749 virtutibus
1201 1678 1351 1749 emicuit

238 1839 247 1930 l
285 1849 301 1890 «
324 1823 511 1896 reverendi
533 1795 697 1894 numicis
718 1849 735 1889 »
758 1825 805 1913 (4)
830 1825 971 1914 LupuS,
997 1822 1191 1892 Trecensis
1211 1822 1349 1914 episco-

284 1989 389 2061 pus:
416 1969 523 2059 qu'us
550 1968 617 2038 etsi
639 1969 740 2039 nulla
762 1989 884 2059 opera,
920 1976 1069 2059 excepta
1099 1989 1184 2059 quae
1213 1967 1348 2058 scripta

282 2111 352 2181 fuit
375 2111 421 2180 ad
441 2111 635 2181 Sidonium
661 2112 915 2202 Apollinarem
944 2111 1112 2201 epistole,
1141 2117 1345 2190 remanent,

284 2264 408 2328 tamen
428 2253 524 2324 inter
542 2254 765 2324 Lerinenses
784 2254 965 2334 doctores
988 2254 1175 2344 hujusque
1195 2262 1348 2324 senatus

284 2398 428 2478 fratres,
458 2397 611 2467 honoris
635 2397 863 2489 maximique
886 2396 990 2488 pretii
1011 2418 1136 2478 causa,
1163 2397 1347 2467 ascriben-

283 2541 354 2611 dus
374 2549 441 2610 est.
463 2540 498 2609 ls
517 2560 664 2632 quoque
684 2539 816 2610 Leucis
835 2540 1027 2610 Tullorum
1050 2547 1174 2620 natus,
1192 2561 1211 2608 a
1229 2539 1347 2631 prima

283 2691 391 2754 aetate
411 2709 428 2749 a
450 2683 589 2753 scholis
608 2682 797 2754 adhibitus
817 2692 851 2752 et
872 2683 1063 2752 rhetorum
1079 2682 1214 2756 studiis
1229 2682 1347 2752 imbu-

284 2853 301 2892 α
323 2837 383 2897 tus
402 2835 469 2927 est.
491 2827 630 2896 Deinde
651 2847 747 2907 vero,
773 2827 851 2917 jam
878 2825 1045 2917 apprime
1071 2826 1256 2896 eruditum
1285 2826 1348 2894 llo-

245 2925 248 2952 Ι
285 2995 300 3036 a
324 2969 438 3040 rantis
458 2969 592 3060 eloquii
614 2969 711 3038 fama
739 2989 803 3059 per
824 2968 994 3056 regiones
1016 2968 1218 3056 divulgavit
1239 2994 1255 3032 »
1284 2969 1345 3057 (5).

283 3115 414 3184 Postea
453 3112 576 3182 adulte
615 3121 734 3194 aetate,
769 3112 808 3182 in
842 3111 1022 3181 familiam
1059 3111 1205 3192 Hilarii,
1240 3098 1348 3202 cujus

235 3309 237 3312 -
282 3276 447 3326 sororem
480 3254 725 3324 Pimeniolam
757 3263 880 3345 optato
911 3254 1149 3324 matrimonio
1177 3254 1345 3335 duxerat,

281 3407 485 3490 cooptatus
522 3398 644 3468 forum
677 3396 778 3478 adiit,
814 3418 1022 3488 causasque
1054 3396 1174 3467 dicere
1204 3397 1345 3492 coepit:

316 3613 357 3684 (1)
373 3613 551 3669 Gennadius
569 3629 575 3668 :
593 3613 707 3669 Patrol.
725 3613 788 3681 lat,
806 3617 826 3667 t.
844 3611 950 3680 LVlll‚
965 3628 1031 3684 cap.
1046 3611 1090 3668 80.

316 3711 356 3783 (2)
372 3711 508 3786 Epistola
531 3711 715 3767 dedicatoria
737 3711 775 3768 ad
797 3709 955 3766 Fabruni:
978 3713 1066 3766 Vctcr
1087 3709 1209 3780 aliquot
1234 3709 1348 3767 Gallice

282 3812 411 3879 theolop.
429 3808 558 3880 scripta,
576 3810 704 3864 Parisiis
720 3807 799 3864 1586.
1051 3855 1054 3861 .

317 3908 354 3980 (3)
371 3908 523 3964 Barouius
541 3922 546 3962 :
563 3909 682 3964 Annal.
699 3906 750 3962 lib.
765 3905 802 3961 ad
816 3922 931 3961 annum
947 3904 1193 3962 CCCCXXXIV.

316 4009 356 4078 (l)
382 4006 444 4061 82⁰⁸
471 4003 643 4061 Eucherius
672 4019 678 4059 :
705 4007 746 4061 Dc
774 4007 869 4060 laude
893 4002 1002 4060 eremi.
1031 4001 1145 4059 Patrol.
1172 4003 1235 4072 lat,
1265 4009 1284 4059 t.
1312 4005 1344 4074 L,

281 4104 339 4162 col.
357 4103 418 4159 711.

315 4203 355 4273 (5)
372 4199 582 4276 Chronolopin
595 4200 703 4268 Lerira
720 4205 739 4258 t.
759 4199 780 4269 l,
798 4219 826 4278 p.
842 4199 886 4256 33.
904 4202 1027 4259 -Acta
1043 4200 1110 4262 SS..
1132 4204 1152 4256 t.
1174 4201 1241 4257 Vll.
1261 4199 1344 4269 lulli,

282 4323 310 4382 p.
326 4303 371 4363 51.
