3072 4956
722 483 923 552 -116-

287 738 310 775 w«
332 711 424 778 Cum
444 729 564 778 essem
585 728 770 777 annorum
787 716 940 797 septem,
958 727 1046 776 eura
1064 704 1362 799 propinquorum

294 861 441 928 «datus
484 878 569 925 sum
615 857 830 926 educandus
880 857 1189 926 reverendissimo
1238 857 1362 926 abbati

294 1028 310 1066 a
333 1002 540 1081 BenedietO,
576 1023 618 1069 ao
650 1001 782 1070 deinde
805 1001 1000 1081 Ceollrido,
1034 1011 1285 1093 cunctumque
1317 1023 1363 1070 ex

295 1175 311 1212 a
333 1170 375 1217 co
396 1157 541 1238 tempus
561 1147 642 1216 ritae
662 1146 701 1214 in
717 1146 882 1235 ejusdem
903 1146 1119 1214 monasterii
1136 1146 1364 1215 habitatione

295 1317 311 1354 a
334 1311 528 1380 peragens,
555 1310 704 1358 omnem
738 1288 961 1357 meditandis
982 1289 1184 1378 Scriptnris
1210 1309 1361 1378 operam

295 1433 427 1513 «dedi,
450 1443 559 1524 atque
586 1433 682 1501 inter
714 1432 988 1501 observantiam
1022 1432 1228 1522 disciplinae
1258 1453 1363 1520 regu-

295 1601 311 1639 «
334 1575 422 1643 laris
442 1585 477 1643 et
496 1575 749 1666 quotidianam
775 1573 949 1642 cantandi
976 1573 1015 1642 in
1041 1571 1202 1643 Ecclesia
1233 1595 1363 1660 euram
1404 1579 1406 1588 '

295 1744 311 1781 «
334 1739 480 1808 semper
499 1727 563 1786 ant
582 1719 734 1798 discere,
753 1726 817 1786 ant
831 1717 972 1796 docere,
995 1726 1059 1786 aut
1078 1718 1238 1786 scribere
1258 1718 1364 1786 dulce

295 1887 311 1924 a
334 1860 484 1929 habui»
507 1862 568 1948 (1).
599 1863 673 1928 Nec
702 1861 901 1951 quisquam
930 1881 971 1928 ea
1000 1868 1104 1928 aetate
1133 1860 1274 1929 exstitit
1299 1860 1362 1951 qni

293 2013 473 2101 majorem
498 2013 643 2080 laudem
674 2013 712 2080 in
738 2012 869 2081 litteris
893 2022 1165 2102 assequeretur,
1196 2013 1252 2081 vel
1277 2034 1362 2082 enm

293 2164 332 2233 in
352 2164 455 2234 omni
474 2184 608 2251 genere
628 2163 835 2232 studiorum
856 2163 1096 2232 antecederet.
1120 2165 1235 2254 Cujus
1251 2185 1360 2254 opera
1388 2233 1392 2242 ,

293 2317 347 2385 vel
378 2317 507 2386 merita
537 2338 622 2406 quae
653 2316 727 2384 sint
761 2316 944 2405 explicare
974 2336 1048 2382 non
1085 2323 1255 2384 nostrum
1290 2325 1357 2396 est,

202 2541 206 2546 ,
293 2491 377 2539 eum
398 2470 433 2538 id
455 2477 599 2537 tantum
629 2468 677 2537 sit
706 2469 814 2538 nobis
844 2467 1074 2557 propositum
1103 2489 1175 2558 quo
1200 2469 1361 2549 vinculo,

294 2613 396 2682 tenui
430 2612 591 2702 quidem,
633 2612 750 2679 tenaci
790 2619 925 2690 tamen,
961 2611 1227 2679 Lerinensibus
1266 2611 1362 2680 Beda

296 2763 481 2851 religetur,
504 2763 718 2852 patefacere.

338 2917 520 3003 Egbertus
547 2925 682 2994 autem,
712 2935 821 3004 quem
855 2940 870 2977 a
900 2913 1000 2999 regio
1028 2933 1162 3000 genere
1186 2923 1310 2984 ortum
1331 2925 1365 2984 et

296 3099 311 3136 a
334 3072 457 3140 divina
485 3069 638 3138 scientia
667 3068 889 3135 imbutum»
923 3067 1038 3135 fuisse
1067 3067 1176 3136 tradit
1202 3070 1363 3138 Venera-

294 3225 379 3294 bilis
396 3223 505 3301 Beda,
530 3249 546 3285 «
566 3221 734 3288 omnium
757 3219 965 3288 liberalium
986 3219 1122 3288 artium
1143 3221 1361 3302 armarium,

295 3403 311 3441 a
334 3374 442 3444 atita
464 3371 597 3450 dicam,
626 3378 660 3438 et
684 3369 890 3437 sacrarium
912 3369 991 3449 fuit,
1017 3370 1363 3464 nobilissimamque

295 3533 594 3606 «bibliothecam
628 3531 783 3600 Eboraci
815 3529 1006 3599 constituit
1037 3557 1052 3594 »
1090 3532 1151 3618 (2).
1192 3533 1362 3606 Primum

292 3685 509 3754 doctissimo
531 3684 635 3752 Bedae
652 3683 867 3751 educandus
888 3681 1068 3763 traditur3
1091 3690 1127 3749 at
1147 3702 1235 3749 mox
1252 3709 1268 3746 «
1287 3693 1363 3752 erat

295 3864 311 3902 a
334 3823 373 3906 ci
387 3859 432 3906 ex
453 3836 633 3904 nobilium
654 3834 740 3902 filiis
760 3854 850 3921 grex
866 3832 1185 3913 scholasticorum,
1203 3854 1362 3924 quorum

294 4018 310 4055 a
333 3990 485 4082 quidam
509 3988 601 4056 artis
625 3985 876 4075 grammatice
903 3986 1135 4066 rudimentis,
1166 3985 1228 4054 alii
1255 3987 1362 4056 disei-

329 4213 368 4284 (l)
384 4212 536 4268 Venerab.
552 4211 632 4267 Beda
652 4226 658 4265 :
675 4209 828 4282 Epitome,
845 4209 959 4266 Patrol.
977 4209 1028 4265 lat.
1056 4197 1062 4206 ’

327 4310 367 4382 (2)
380 4309 513 4367 Aletrini
527 4309 593 4366 cite
605 4309 642 4365 ab
657 4326 809 4382 anonymo
827 4309 950 4382 scripta,
965 4308 1078 4365 Patrol.
1092 4308 1154 4378 lat,
1167 4313 1186 4364 t.
1200 4308 1233 4377 C,
1246 4309 1304 4367 col.
1317 4310 1361 4366 90.
