3072 4956
630 463 831 532 -111-

194 713 211 752 a
233 687 372 756 meticae
391 686 639 777 disciplinam,
662 661 758 757 inter
777 709 970 760 sacrorum
991 693 1139 782 apicum
1161 691 1262 762 volu-

179 815 212 892 Ι«
234 830 336 922 mina
361 830 441 899 suis
468 830 698 923 auditoribus
724 829 1021 902 contraderent»
1045 835 1105 923 (l).
1138 835 1263 926 Hujus

195 973 246 1042 rei
285 973 538 1043 certissimum
580 974 843 1044 documentum
886 975 995 1045 habet
1028 977 1264 1048 Venerabilis

194 1117 291 1187 Beda
329 1118 392 1209 qui
432 1117 516 1187 talia
558 1127 731 1200 testatur;
768 1118 951 1210 siquidem
983 1119 1064 1211 ejus
1101 1129 1265 1213 tempore

194 1269 414 1350 supererant
435 1287 450 1325 a
472 1261 516 1330 de
536 1282 663 1330 eorum
688 1260 882 1352 discipulis
906 1263 969 1353 qui
998 1263 1152 1333 latinam
1172 1283 1265 1351 grae-

196 1429 213 1469 «
235 1426 391 1496 eamque
410 1405 589 1492 linguam,
619 1425 725 1496 aeque
748 1413 789 1474 ut
814 1405 1003 1496 propriam
1031 1408 1070 1474 in
1095 1427 1167 1498 qua
1189 1409 1265 1478 nati

197 1557 327 1617 «sunt
360 1574 376 1612 l
418 1550 479 1636 (2).
521 1556 712 1617 noverant
750 1548 862 1618 Addit
899 1548 1054 1638 insuper
1093 1549 1266 1620 laudatus

195 1699 325 1760 auctor
347 1713 354 1759 :
386 1717 403 1755 «
424 1693 551 1782 Neque
571 1711 738 1782 unquam
765 1712 933 1781 prorsuS,
962 1713 1008 1761 ex
1028 1713 1101 1783 quo
1122 1691 1266 1761 Britan·
1301 1689 1307 1699 ’

197 1861 214 1898 «
236 1835 337 1903 niam
372 1835 555 1925 petierunt
588 1835 713 1922 Angli,
750 1833 911 1904 feliciora
951 1835 1052 1904 luere
1087 1844 1264 1925 tempora,

197 2004 214 2042 «
237 1977 368 2047 dum...
409 1947 633 2069 quicumque
671 1977 892 2046 lectionibus
932 1977 1051 2047 sacris
1091 1979 1269 2068 cuperent

200 2148 217 2185 «
239 2121 391 2201 erudiri,
415 2119 594 2190 baberent
622 2120 858 2211 inpromptu
888 2123 1088 2209 magistros
1116 2121 1179 2214 qui
1207 2122 1269 2193 do·

199 2292 216 2330 «
238 2273 375 2335 carent.

243 2409 341 2478 lnter
368 2407 445 2477 haec
466 2417 588 2476 tamen
610 2406 741 2476 inertia
764 2405 919 2476 minime
945 2407 1135 2477 laborabat
1154 2409 1267 2478 Bene-

196 2553 318 2622 dictus
346 2551 539 2640 BiscopuS,
575 2570 659 2620 cum
691 2571 775 2619 vero
802 2571 950 2619 summa
979 2551 1181 2632 alacritate,
1213 2551 1268 2621 vel

198 2696 314 2786 pretio
352 2703 508 2785 emptos
548 2693 603 2762 vel
637 2693 798 2781 gratuito
836 2695 883 2762 ab
916 2693 1047 2762 amicis
1086 2703 1268 2784 acceptos

198 2841 338 2916 multos
359 2838 473 2907 libros
493 2836 714 2924 collegisset,
735 2836 889 2905 domum
912 2835 1058 2905 rediens
1079 2836 1125 2905 ad
1147 2857 1270 2924 regem

198 2963 484 3044 occidentalium
500 2973 705 3051 Saxonum,
722 2969 873 3039 nomine
888 2969 1090 3060 Coynwall,
1108 2970 1270 3060 primum

199 3131 239 3179 se
264 3106 432 3186 contulit,
461 3126 534 3196 quo
559 3113 718 3184 mortua,
745 3099 1270 3191 adngridum,Transl1um-

198 3243 326 3312 branae
354 3236 516 3326 regionis
543 3256 678 3322 regem,
714 3256 829 3326 equa
861 3235 941 3325 ipse
966 3244 1045 3304 erat
1073 3235 1269 3305 oriundus.

200 3385 268 3455 Cui
297 3405 384 3452 cum
414 3380 539 3449 omnia
569 3401 654 3470 quae
676 3379 754 3469 jam
779 3380 828 3448 ab
854 3378 1101 3448 adolescentia
1122 3379 1270 3466 egisset,

199 3528 338 3620 quibus
364 3522 572 3613 disciplinis
596 3530 693 3590 esset
721 3521 899 3602 imbutuS,
927 3529 1016 3613 quot
1040 3522 1172 3592 itinera
1201 3524 1272 3591 Ro-

200 3690 303 3739 mam
323 3673 421 3737 esset
440 3684 629 3751 agressus,
651 3662 894 3752 patefecisset,
920 3650 1166 3732 admiratione
1190 3685 1273 3753 cap-

200 3821 262 3882 tus
282 3817 384 3880 tanto
411 3807 533 3877 studio
559 3805 598 3874 in
628 3827 713 3875 eum
743 3826 808 3874 rex
838 3804 1060 3886 incenditur,
1090 3831 1107 3869 «
1128 3813 1169 3874 ut
1188 3826 1274 3874 oon—

203 3982 220 4020 «
244 3954 368 4024 testim
395 3952 427 4021 ei
450 3960 586 4020 terram
615 3948 849 4040 septuaginta
879 3949 1107 4020 familiarum
1133 3948 1177 4018 de
1205 3969 1274 4018 suo

238 4197 278 4270 (l)
295 4192 450 4252 Venerab.
468 4191 560 4256 Beda,
576 4189 634 4247 loc.
651 4189 700 4246 oit.

239 4293 279 4367 (2)
297 4290 373 4348 lbid
