3058 4960
739 499 894 570 ..4-

283 725 327 794 de
350 745 420 816 qua
447 722 586 812 agitur,'
608 745 653 792 ex
677 723 831 792 historia
856 724 1027 812 colligere
1052 732 1118 793 est.
1146 724 1349 794 Chrenele-

283 867 382 956 giam
417 867 530 957 hujus
558 867 695 936 insulae
730 867 929 956 perlegenti
963 867 1114 957 quidam
1149 878 1351 937 eccurrunt

283 1010 347 1100 qui
371 1009 469 1100 apud
503 1010 724 1077 Lerinenses
760 1008 937 1077 humanis
970 1009 1113 1078 artibus
1146 1020 1181 1080 et
1213 1011 1350 1080 divinis

284 1151 492 1242 disciplinis
525 1151 656 1220 imbuti
690 1152 840 1220 fuerunt
877 1174 884 1218 :
925 1172 1084 1241 querum
1114 1152 1146 1220 si
1181 1154 1348 1234 nemina,

287 1294 409 1364 habita
444 1295 574 1363 saltem
608 1295 749 1363 ratione
782 1294 970 1384 temperie,
1007 1294 1243 1364 aestimantur
1273 1318 1350 1386 per-

286 1459 414 1527 pauca,
445 1437 484 1505 in
518 1446 680 1506 mentem
705 1437 828 1506 veniat
857 1437 970 1525 liujus
995 1437 1046 1505 rei
1074 1429 1269 1507 histeriam
1300 1440 1349 1508 ita

285 1581 442 1668 caligine
462 1581 649 1672 perfusam
666 1601 760 1659 esse,
778 1589 818 1649 ut
832 1580 1004 1670 quaedam
1021 1581 1172 1649 nemina
1191 1590 1347 1661 tantum,

287 1749 303 1787 «
326 1745 403 1814 prae
437 1723 625 1794 caeteris»
657 1724 718 1811 (1),
750 1731 790 1791 ut
816 1723 866 1791 ait
894 1723 1148 1803 Mabillenius,
1178 1725 1346 1811 originis,
1405 1776 1407 1780 .

285 1867 476 1954 dignitatis
504 1874 568 1935 aut
590 1865 736 1956 pietatis
765 1887 877 1934 eausa
910 1866 1130 1952 longissime
1154 1867 1348 1970 densatam

285 2031 364 2080 eeve
393 2009 615 2079 eblivieuem
649 2009 856 2096 effugerint.
884 2010 982 2077 lnter
1006 2009 1085 2078 haec
1119 2032 1187 2079 sue
1221 2011 1350 2080 erdine

285 2154 478 2245 primoque
513 2152 592 2221 lece
625 2162 924 2222 annumerantur
950 2155 1124 2221 Veranus
1158 2154 1334 2222 Salonius

284 2319 367 2389 que,
394 2296 512 2366 seneli
540 2296 711 2365 Eucherii
737 2295 1000 2382 Lugdunensis
1024 2296 1102 2375 lilii,
1129 2296 1191 2387 qui
1219 2297 1348 2385 primis

284 2440 403 2531 quinti
425 2439 538 2508 seculi
559 2439 682 2519 anniS,
696 2438 868 2507 Salviani
888 2438 1119 2528 Viceutiique
1134 2439 1349 2507 Lerineusis

284 2583 492 2673 disciplinis
522 2582 643 2651 traditi
669 2583 819 2650 fuerunt
848 2605 854 2649 :
884 2582 991 2672 eujus
1021 2582 1071 2650 rei
1099 2583 1348 2651 certissimum

284 2725 654 2816 oculatissimumque
681 2733 809 2794 testem
840 2725 1033 2804 habemus
1058 2725 1181 2814 ipsum
1211 2725 1349 2793 Euche-

285 2869 393 2949 rium,
420 2869 496 2960 qui,
525 2869 564 2937 in
589 2889 631 2936 ee
651 2867 832 2959 quemad
852 2868 1046 2936 Selenium
1069 2890 1179 2937 suum
1201 2869 1350 2958 scripsit

284 3012 389 3091 libre,
412 3012 466 3079 sic
487 3011 620 3081 habet:
645 3037 661 3074 α
683 3010 847 3098 Dignum
865 3032 1025 3100 namque
1041 3020 1096 3079 est
1115 3033 1350 3102 quecumque

285 3180 301 3217 a
323 3175 410 3223 eura
432 3154 624 3240 ingenium
645 3162 750 3222 tuum
771 3154 945 3242 reparari,
968 3153 1031 3243 qui
1052 3154 1202 3223 vixdum
1223 3155 1348 3223 decem

286 3324 301 3362 a
324 3319 445 3366 annes
466 3306 588 3377 natue,
611 3318 777 3366 eremum
797 3297 1004 3384 ingressus,
1023 3297 1120 3365 inter
1139 3297 1222 3365 illas
1243 3320 1349 3366 sanc-

286 3468 301 3506 «
325 3450 446 3510 terum
466 3462 602 3509 manus
628 3461 702 3509 nen
727 3440 850 3508 selum
876 3440 1054 3520 imbutus,
1083 3462 1210 3508 rerum
1237 3441 1347 3510 etiam

285 3581 507 3650 «enutritus
541 3581 594 3649 sis
627 3581 672 3648 ab
702 3582 892 3648 Heuerate
923 3590 1035 3670 patre,
1071 3581 1146 3661 ille,
1179 3582 1346 3672 inquam,

285 3751 302 3788 a
324 3724 443 3814 prime
472 3723 696 3802 insularum,
731 3731 856 3813 pastea
886 3724 1125 3792 ecclesiarum
1154 3726 1347 3812 magistre,

285 3893 301 3931 a
323 3889 408 3936 eum
428 3867 502 3936 illic
522 3866 726 3935 beatissimi
748 3866 893 3945 Hilarii,
917 3874 994 3934 tum
1015 3866 1180 3936 insulani
1202 3868 1347 3950 tireniS,

285 4036 301 4074 a
323 4010 387 4079 sed
404 4010 482 4100 jam
510 4032 610 4080 nunc
635 4009 773 4078 summi
798 4009 994 4099 pontilicis
1023 4010 1189 4080 doctrina
1216 4012 1350 4080 ferma-

319 4323 359 4394 (l)
372 4323 515 4379 Annales
531 4325 600 4379 ord.
617 4321 655 4376 gu
670 4323 797 4389 Bened„
813 4326 885 4377 tem.
904 4322 925 4389 Ι,
943 4321 994 4377 lib.
1013 4321 1035 4389 Ι,
1053 4337 1121 4394 pag.
1139 4321 1181 4376 l5.
