3072 4956
617 484 795 552 .....87...ν

172 733 247 780 non
263 680 395 780 surnus
411 710 526 780 obliti.
544 712 632 790 Quae
648 730 733 778 vero
750 709 825 775 sint
842 706 992 776 Caesarii
1007 703 1238 774 Arelatensis

171 879 279 947 opera
297 857 392 925 inter
411 855 575 924 eruditos
594 838 715 922 adhuc
735 873 867 942 parum
887 858 1057 918 constat:
1081 875 1097 917 a
1118 848 1238 938 Scrip-

172 1000 259 1069 «sit
291 999 436 1088 egregia
471 1008 505 1067 et
534 1006 637 1084 grata
668 996 772 1064 valde
801 994 996 1063 monachis
1030 992 1237 1064 necessaria

172 1140 388 1230 «opuscula
412 1163 419 1206 :
442 1136 622 1224 degentia
643 1121 790 1226 quoque
818 1143 853 1202 et
876 1133 920 1203 de
945 1133 1059 1201 libero
1086 1130 1238 1200 arbitrio

173 1284 328 1352 «edidit
371 1281 581 1352 testimonio
628 1279 839 1348 divinarum
861 1349 864 1355 ,
887 1276 1156 1364 scripturarum
1205 1284 1239 1343 et

173 1433 426 1493 «sanctorum
450 1426 603 1491 Patruin
620 1420 759 1510 judicio
788 1417 931 1487 munita
954 1419 1054 1505 ull).
1083 1418 1139 1484 Ex
1158 1415 1238 1506 ejus

170 1569 344 1659 operibus
384 1569 446 1636 vix
486 1578 631 1637 exstare
673 1565 844 1635 videntur
883 1563 1045 1662 homiliae
1082 1581 1238 1629 numero

170 1711 262 1779 satis
296 1709 447 1790 incerto
477 1707 562 1800 quae
590 1709 685 1777 inter
709 1705 911 1793 Augustini
938 1725 1047 1794 opera
1074 1704 1237 1772 maxima

170 1875 215 1923 ex
249 1864 350 1944 parte
379 1855 484 1924 editae
500 1855 650 1923 fuerunt
670 1856 731 1942 (2).
753 1855 925 1921 Attamen
947 1871 1022 1919 non
1042 1849 1238 1918 minimam

169 1999 354 2058 meruerat
381 1989 565 2058 Caesarius
594 1988 741 2078 scriptis
770 1987 850 2056 suis
882 1987 1041 2065 laudern,
1077 1982 1238 2052 Ennodii

171 2124 382 2192 'testImonio
414 2125 444 2191 si
473 2124 619 2193 credere
646 2124 702 2191 Ias
731 2131 815 2191 est:
848 2124 944 2190 «Tu
970 2128 1110 2189 ceteros
1141 2118 1239 2191 velut

172 2284 188 2322 «
203 2258 294 2326 solis
307 2258 525 2345 magnitudo
538 2257 650 2326 astris
666 2257 875 2325 minoribus
891 2263 1102 2345 comparata
1119 2262 1238 2321 trans-

172 2417 187 2456 «
210 2391 416 2479 grederis..
445 2392 529 2482 quis
560 2413 635 2459 non
662 2399 772 2482 optet,
807 2399 840 2458 te
867 2379 1050 2480 loquente,
1079 2396 1120 2457 ut
1148 2387 1239 2456 sciat

172 2551 188 2590 «
210 2525 316 2615 plura
337 2547 413 2593 non
435 2526 565 2612 legero,
588 2535 627 2594 tu
647 2526 735 2594 dum
758 2525 862 2594 libris
886 2524 1037 2611 genium
1064 2523 1239 2592 relatione

171 2659 385 2728 «concilias
410 2669 444 2728 et
475 2631 675 2746 magistros
706 2658 900 2738 informas
934 2657 999 2727 tibi
1027 2657 1132 2726 debet
1161 2657 1238 2747 qui-

171 2821 186 2857 «
209 2817 368 2886 cumque
388 2795 448 2864 ille
468 2795 690 2884 scriptorum
712 2795 912 2873 maximus
935 2793 1032 2882 quod
1052 2813 1137 2860 eum
1157 2792 1242 2859 dote

171 2962 186 3000 α
210 2937 428 3005 elocutionis
449 2937 666 3027 amplificas5
685 2937 723 3004 in
741 2945 773 3005 te
789 2936 854 3005 lux
868 2935 1040 3004 comenit
1055 2934 1239 3002 sermonis

170 3096 187 3135 «
209 3037 242 3138 ot
263 3072 418 3161 operis»
442 3075 503 3159 (3).
537 3071 606 3139 Sed
634 3071 815 3139 hactenus
841 3071 885 3138 de
906 3068 1055 3138 Caesarii
1077 3067 1237 3158 scriptis,

168 3225 254 3272 curn
287 3205 404 3273 inulto
438 3205 558 3292 inagis
588 3206 634 3273 ad
669 3227 745 3273 rein
777 3214 942 3273 nostram
982 3203 1127 3272 intersit
1158 3223 1239 3292 quae

169 3337 293 3414 lecerit
313 3360 425 3429 quam
445 3361 527 3429 quae
548 3339 749 3429 scripserit,
771 3340 970 3430 inquirere.

212 3473 371 3541 Exstant
391 3473 543 3542 Caesarii
562 3474 792 3542 Arelatensis
812 3474 894 3542 duae
911 3472 1061 3559 regulae,
1080 3492 1237 3562 quarum

169 3627 243 3674 una
264 3607 310 3674 ad
330 3607 547 3688 monachos,
571 3608 684 3678 altera
704 3630 790 3677 vero
811 3608 856 3675 ad
877 3606 1018 3696 puellas
1039 3605 1077 3672 in
1096 3605 1239 3694 parthe-

203 3821 242 3893 (1)
267 3821 445 3876 Gennadius
477 3837 482 3876 :
513 3825 554 3878 De
582 3821 682 3878 illust.
713 3821 862 3880 Ecclesiae
891 3822 1000 3892 script.
1030 3819 1144 3876 Patrol.
1174 3820 1237 3887 lat,

169 3924 188 3972 t.
203 3917 310 3985 LVIII,
328 3935 394 3992 cap.
411 3917 456 3986 86,
474 3918 531 3975 col.
550 3919 629 3976 1110.

205 4016 244 4088 (2)
255 4016 429 4072 Monachus
445 4017 568 4090 quidam
585 4019 614 4073 in
628 4019 816 4074 monasterio
833 4017 950 4074 ordinis
962 4018 1058 4072 sancti
1070 4015 1237 4082 Benedicti

170 4112 355 4169 Maredsous
371 4116 505 4184 nomine,
524 4115 605 4188 apud
619 4116 741 4188 Belgas
759 4117 922 4172 editionem
942 4117 1092 4185 integram
1109 4127 1238 4188 operum

172 4213 267 4267 sancti
281 4211 409 4281 Caesari,
425 4215 553 4281 curant,
568 4231 660 4286 quain
677 4214 788 4271 dIcitur
801 4232 872 4271 mox
889 4215 967 4287 typis
983 4213 1195 4268 mandaturus,

206 4310 246 4383 (3)
261 4311 325 4366 uu
345 4311 397 4379 ix,
412 4313 500 4386 epist.
515 4312 559 4381 33,
575 4332 603 4387 p.
620 4313 747 4370 ear-258.
