3058 4960
722 476 902 544 „48-

278 710 466 770 vertamus
503 698 698 768 Salonium
735 699 1019 788 Veranumque,
1060 706 1256 789 postquam
1299 700 1346 769 ab

278 844 371 933 ipsis
390 843 620 933 propositum
641 850 697 912 est
715 841 837 932 aliqua
859 862 1091 932 componere,
1113 841 1249 930 dialogi
1270 865 1346 911 mo-

278 946 367 1055 dum
396 984 563 1074 elegisse,
591 986 640 1054 ita
672 993 713 1053 ut
740 984 865 1052 statim
895 983 1016 1052 veniat
1040 984 1079 1052 in
1106 994 1268 1054 mentem
1299 987 1345 1056 ab

251 1093 332 1198 'eis
356 1128 516 1219 quodam
544 1128 653 1197 modo
681 1127 873 1196 Platonem
902 1127 1159 1196 Ciceronemve
1182 1128 1346 1198 imitatos

277 1272 393 1341 fuisse
417 1274 478 1359 (1).
514 1274 640 1362 Neque
662 1270 808 1340 silentio
841 1270 1141 1360 praetereundum
1176 1292 1346 1360 agram-

277 1415 423 1484 maticis
451 1414 501 1482 ita
534 1413 754 1484 informatos
790 1434 872 1480 esse
909 1412 1113 1503 discipulos
1148 1423 1187 1482 ut
1219 1415 1345 1506 statim

279 1557 488 1626 rhetoribus
508 1556 751 1636 traderentur,
779 1556 1092 1646 quemadmodum
1114 1557 1247 1648 etipse
1269 1559 1346 1628 Cae·

278 1700 401 1770 sarius
427 1722 446 1768 e
474 1699 823 1769 Lerinensi'sehola
852 1699 892 1796 in
925 1699 1150 1769 auditorium
1184 1701 1345 1772 Pomerii

282 1843 441 1912 rhetoris
462 1843 709 1912 transmissus
729 1851 796 1910 est.

322 1987 414 2055 Cum
434 1985 531 2076 apud
552 1988 743 2055 Romanos
769 2006 916 2055 summa
939 1997 1037 2056 esset
1064 1987 1146 2056 laus
1165 1987 1204 2056 in
1224 1987 1346 2057 dicen-

277 2129 336 2208 do,
358 2129 585 2220 praemiaque
605 2129 824 2220 eloquentiae
845 2129 884 2196 in
905 2129 1104 2219 republica,
1122 2140 1200 2200 tum
1213 2133 1342 2213 ueteri,

278 2281 356 2342 tum
378 2272 526 2352 recenti,
548 2272 711 2342 maxima
732 2272 957 2342 haberentur
973 2275 1034 2361 (2),
1056 2295 1098 2342 eo
1119 2274 1192 2344 fere
1212 2297 1346 2346 omnes

277 2416 493 2504 spectabant
521 2415 692 2508 discipuli
720 2424 760 2484 ut
783 2415 822 2483 in
843 2415 982 2484 scholis
1006 2437 1026 2484 a
1048 2416 1258 2487 rhetoribus
1288 2440 1346 2508 pe-

247 2609 249 2616 s
278 2579 402 2627 rorare
439 2557 621 2627 discerent
651 2582 658 2626 :
691 2559 760 2627 hoc
791 2567 868 2627 erat
892 2559 1099 2648 disciplinae
1130 2561 1237 2651 quasi
1266 2583 1346 2652 pre-

277 2701 407 2769 mium.
429 2702 503 2770 Vix
522 2701 630 2770 credo
650 2702 819 2792 equidem
838 2702 1060 2772 Lerinenses
1080 2704 1239 2773 multum
1259 2727 1346 2774 con-

277 2843 407 2912 tulisse
432 2843 553 2932 operis
576 2844 614 2911 in
636 2843 812 2912 tradenda
836 2844 1030 2934 discipulis
1062 2847 1142 2916 suis
1163 2847 1345 2918 rhetorica

275 2995 365 3054 arte.
386 2971 547 3076 Tempus
571 2987 670 3055 enim
698 2996 753 3083 est
781 3009 854 3078 quo
882 2988 1086 3057 Arianismi
1119 3011 1273 3071 venena,
1298 2993 1345 3062 ab

276 3128 425 3197 Oriente
444 3128 490 3197 ad
518 3127 765 3209 Occidentem,
792 3130 1079 3219 importantibus
1104 3132 1247 3214 Gothis
1278 3133 1345 3204 dif-

276 3272 372 3352 fuso,
405 3271 557 3358 Pelagii,
590 3272 828 3354 Priscilliani,
856 3275 1088 3366 aliorumque
1107 3276 1345 3364 dogmatibus

275 3415 478 3485 christiana
503 3416 709 3506 respublica
734 3419 906 3505 agitatur.
939 3421 1065 3511 Neque
1090 3423 1284 3528 novissimi
1305 3425 1345 3493 in

275 3561 391 3630 aciem
419 3561 645 3630 devenerunt
675 3562 841 3648 magistri
871 3563 1105 3646 Lerinenses,
1134 3589 1231 3648 cum,
1253 3567 1344 3635 Vin-

229 3773 232 3778 ,
275 3704 407 3783 centia,
448 3703 634 3785 Salviano,
675 3706 884 3796 Faustaque
916 3707 1086 3788 ducibus,
1117 3710 1214 3800 J'ussi
1239 3720 1346 3780 erant

166 3879 171 3884 ·
275 3845 314 3916 in
344 3845 462 3934 prima
494 3847 570 3915 acie
598 3869 674 3916 rem
704 3868 823 3936 ogere.
854 3849 937 3917 Alio
971 3850 1083 3937 igitur
1114 3853 1341 3942 spectabant,

275 4009 387 4080 quam
407 3997 447 4058 ut
467 3990 652 4077 eleganter
672 4013 736 4080 per
752 3991 877 4080 jocum
902 4001 978 4062 tum
1003 4017 1010 4062 :
1040 3998 1151 4066 Verba
1181 4000 1344 4066 Thetidis

311 4186 349 4257 (1)
366 4187 479 4242 Patrol.
497 4187 560 4254 lat,
579 4193 597 4242 t.
619 4188 655 4242 ll.

309 4285 347 4353 (2)
363 4285 510 4358 Exemplo
534 4286 595 4342 siut
616 4287 722 4358 quinto
740 4286 845 4342 seculo
868 4287 1013 4344 Sidonius
1029 4289 1129 4364 Apoll.
1146 4293 1344 4365 imperatoris

274 4383 354 4438 Aviti
370 4400 476 4453 gener,
490 4389 520 4439 et
535 4383 681 4439 Leontius
696 4383 810 4453 rhetor,
827 4385 940 4451 Eurici,
958 4389 1050 4460 regis,
1068 4389 1237 4446 familiaris
