3058 4960
726 489 903 558 ...32....

282 717 453 796 obtinuit,
472 724 516 784 ut
535 714 785 804 exploremus,
807 711 1027 780 documenta
1047 711 1182 780 desunt
1200 709 1344 780 idonea.

283 859 453 930 Eucherii
482 855 692 926 testimonio
713 855 910 934 Hilarium,
932 852 1183 933 Vincentium,
1211 855 1347 923 Salvia-

284 1024 387 1084 num,
417 1000 558 1070 Sidonii
582 1020 668 1068 vero
692 1001 871 1067 Faustum
896 997 1095 1087 aliquando
1124 996 1162 1064 in
1192 998 1347 1067 educan-

283 1147 341 1216 dis
364 1144 488 1236 pueris
512 1150 678 1211 versatos
706 1161 799 1220 esse,
827 1149 967 1209 certum
992 1147 1065 1221 est;
1100 1160 1212 1231 quam
1238 1141 1347 1229 longo

284 1299 458 1380 tempore,
480 1308 592 1378 quam
613 1286 750 1355 multos
765 1285 966 1354 erudierint
985 1307 1130 1374 pueros,
1152 1286 1346 1357 incertum.

283 1437 496 1507 Notandum
523 1435 632 1502 etiam
659 1454 722 1501 eos
746 1432 953 1534 dequibus
977 1441 1084 1500 antea
1106 1433 1250 1520 egimus
1274 1456 1348 1502 ma-

284 1581 434 1667 gistros
460 1578 555 1647 intra
583 1575 702 1666 quinti
732 1575 845 1645 seculi
874 1574 1010 1663 limites
1037 1575 1181 1646 finiisse
1204 1577 1347 1648 vitam:

285 1719 347 1812 qui
367 1739 452 1786 vero
472 1725 555 1807 post
575 1716 686 1805 ipsos·
697 1716 794 1785 idem
815 1738 954 1785 munus
974 1725 1230 1806 susceperunt,
1249 1725 1349 1788 tanta

286 1875 391 1935 nocte
419 1866 677 1946 obvolvuntur,
701 1874 740 1934 ut
760 1863 1026 1956 necquicquam
1051 1865 1096 1934 de
1120 1865 1212 1955 ipsis
1232 1865 1351 1959 dicere

286 2019 342 2088 fas
367 2017 426 2087 sit.
453 2017 576 2107 Hujus
602 2016 652 2084 rei
682 2015 933 2084 insimulanda
968 2015 1130 2104 primum
1154 2016 1234 2106 ipsa
1263 2028 1351 2088 aetas

286 2183 368 2252 qum
388 2161 515 2230 talium
537 2160 628 2228 satis
648 2159 848 2240 incuriosa,
872 2160 1102 2251 indoctaque,
1120 2182 1140 2229 a
1157 2161 1351 2232 scribendo

287 2304 442 2373 libenter
460 2303 652 2372 abstinens
678 2301 836 2391 posteris
862 2302 989 2371 minus
1009 2303 1193 2373 indulsit:
1221 2302 1353 2374 deinde

288 2444 397 2528 longa
431 2438 641 2508 seculorum
674 2438 885 2528 elapsurum
911 2438 1039 2519 series,
1067 2461 1139 2529 qua
1174 2439 1352 2529 paulatim

239 2607 240 2612 ’
287 2607 441 2680 quaeque
476 2584 633 2654 illustria
663 2585 928 2653 obscurantur.
967 2584 1060 2663 Quia
1099 2591 1221 2652 tamen
1255 2582 1352 2652 Leri-

288 2725 416 2796 nensis
436 2725 682 2796 institutionis
706 2727 822 2808 initia,
853 2748 1012 2819 quorum
1043 2725 1171 2794 notitia
1192 2725 1353 2794 maxime

288 2866 451 2947 interest,
474 2887 558 2935 cum
579 2869 624 2936 ab
639 2851 736 2957 ipsis
757 2890 816 2938 res
831 2871 955 2940 omnis
975 2870 1158 2961 procedat,
1178 2872 1352 2942 colorem-

288 3037 359 3106 que
378 3037 489 3084 suum
514 3015 696 3094 desumat,
726 3015 887 3084 maxima
915 3017 994 3086 luce
1019 3019 1305 3108 perfunduntur,
1332 3039 1352 3086 a

289 3158 404 3228 nimio
425 3158 549 3226 dolore
570 3158 863 3246 temperandum.

333 3309 512 3378 Praeterea
547 3306 668 3376 solatii
702 3327 813 3375 causa
849 3307 924 3377 sint
957 3330 1008 3378 eae
1035 3309 1187 3380 virtutes
1218 3311 1354 3402 quibus

289 3446 520 3518 emicuerunt
545 3449 654 3539 primi
682 3451 916 3534 LerinenseS,
948 3475 1107 3545 quorum
1135 3477 1175 3524 ea
1203 3456 1271 3526 fuit
1294 3478 1354 3526 ex-

289 3590 468 3671 cellentia,
490 3591 665 3678 dignitas,
679 3592 845 3674 scientia,
865 3593 981 3683 pietas
997 3604 1037 3663 ut
1054 3617 1246 3687 nunquam
1263 3596 1354 3666 satis

290 3743 477 3808 fortunam
504 3739 700 3808 insulanae'
717 3704 853 3810 seboim
878 3740 1036 3809 mireris.
1060 3742 1152 3811 Cum
1177 3763 1221 3810 ex
1242 3739 1354 3821 Quin-

273 3880 418 3970 tiliano
439 3903 588 3951 necesse
609 3883 668 3963 sit,
693 3890 731 3948 ut
747 3882 924 3968 magister
942 3882 990 3951 sit
1011 3909 1027 3947 «
1051 3893 1124 3953 tam
1146 3883 1353 3976 eloquentia

292 4051 307 4086 «
329 4045 441 4115 quam
462 4025 629 4093 moribus
649 4024 995 4113 praestantissimus,
1017 4028 1079 4119 qui
1101 4029 1146 4097 ad
1165 4027 1354 4098 Phoenicis

292 4192 308 4229 «
330 4165 515 4235 Homerici
536 4166 746 4257 exemplum
766 4167 884 4237 dicere
904 4171 1097 4241 autfacere
1116 4172 1275 4242 doceat»
1292 4173 1304 4262 (
1326 4174 1352 4259 ),

328 4363 363 4431 tl)
380 4366 421 4420 De
435 4363 641 4421 Institutione
656 4367 808 4424 oratorio.
827 4368 891 4423 Lib.
911 4359 948 4437 11,
963 4385 1028 4443 cap.
1046 4368 1072 4423 3.
