3058 4960
640 533 823 585 -VlI-·

199 741 345 832 insulae,
373 749 538 836 quatuor
557 748 623 814 aut
648 743 820 836 quinque
847 761 1033 835 passuum
1054 735 1226 811 millibus
1245 757 1267 809 a

200 875 417 958 continente
437 886 589 958 dissitas.
616 884 684 957 Illa
707 891 836 957 autern
857 906 942 978 quae
963 883 1085 977 maj0r
1104 882 1265 970 videtur,

199 1028 291 1100 olim
311 1034 441 1100 vocata
460 1026 554 1099 Lero
580 1027 643 1125 (Ι),
672 1050 776 1100 nunc
802 1027 928 1100 insula
955 1034 1094 1099 sanctae
1117 1026 1266 1119 Marga-

199 1171 280 1242 ritae
306 1171 474 1243 dicitur:
503 1171 564 1242 cui
589 1171 792 1243 meridiem
817 1193 951 1243 versus
978 1171 1095 1242 altera
1119 1169 1267 1263 adjacet

199 1335 285 1407 quae
303 1312 438 1385 Lerina
457 1314 725 1404 communiter,
746 1336 768 1385 a
788 1314 1022 1408 quibusdam
1037 1335 1126 1384 vero
1145 1312 1265 1384 sancti

199 1456 383 1529 Honorati
409 1457 534 1529 insula
561 1464 727 1530 vocatur.
760 1459 851 1530 Haec
875 1458 1032 1552 quidem
1058 1455 1264 1550 angustior,

198 1600 229 1671 si
256 1622 339 1672 earn
365 1601 587 1691 dimetiariS,
614 1624 703 1673 cum
736 1602 784 1674 sit
813 1598 957 1674 finibus
983 1599 1266 1694 angustissimis

198 1743 355 1834 inclusa,
382 1745 448 1816 sed
475 1766 551 1817 non
570 1751 740 1838 angustae
769 1745 908 1838 gloriae.
939 1745 1057 1839 Cujus
1082 1744 1130 1815 ad
1159 1743 1266 1815 littus

197 1887 333 1981 primis
365 1889 492 1982 quinti
521 1888 639 1961 seculi
670 1889 792 1979 annis7
826 1910 962 1960 navem
993 1886 1140 1982 appulit
1172 1886 1266 1957 civis

198 2031 355 2125 quidam
393 2032 629 2127 peregrinus,
675 2033 893 2104 Honoratus
934 2031 1101 2119 nomine,
1150 2051 1265 2123 quem

197 2174 332 2247 Leucis
364 2173 564 2247 Tullorum
589 2175 797 2248 oriundum
822 2176 955 2248 dicunt
973 2174 1114 2246 familia
1133 2172 1263 2261 nobili,

199 2344 216 2388 <‹
235 2319 344 2413 cujus
360 2319 544 2413 usquead
559 2319 801 2391 consulatum
816 2325 992 2414 provecta
1008 2318 1171 2411 dignitas
1185 2341 1201 2385 »
1214 2315 1263 2412 (2)

196 2467 286 2534 erat.
321 2463 516 2535 Honorato
550 2463 706 2557 quidem
734 2463 973 2558 propositum
1003 2469 1083 2534 erat
1108 2483 1264 2534 onmem

196 2606 515 2678 consuetudinem
530 2628 620 2677 curn
641 2607 800 2700 reliquis
820 2605 1043 2678 hominibus
1059 2612 1095 2677 et
1108 2627 1263 2677 omnem

196 2750 518 2822 necessitudinem
536 2773 624 2822 cum
646 2751 726 2821 suis
747 2750 903 2840 solvere,
931 2757 973 2823 ut
994 2749 1134 2822 alicubi
1158 2771 1264 2821 asce-

195 2897 322 2964 tarum
341 2891 604 2965 thehaicorum
625 2916 731 2965 more
751 2894 986 2965 eremiticam
1005 2901 1042 2964 et
1056 2893 1263 2965 solitariam

194 3035 281 3106 vitae
307 3035 495 3107 rationem
528 3035 600 3108 sihi
629 3037 854 3108 institueret.
896 3034 940 3107 ld
960 3008 1164 3108 consilium
1189 3035 1264 3106 alta

195 3185 322 3250 mente
346 3179 502 3252 volvens
527 3178 776 3252 Lerinensem
803 3180 982 3270 insulam,
1014 3206 1031 3250 o
1053 3187 1145 3251 tunc
1169 3185 1263 3249 tem-

198 3345 214 3391 «
236 3323 340 3416 poris
359 3330 556 3395 vacantem
577 3323 624 3396 oh
645 3324 881 3395 nimietatem
902 3323 1091 3418 squaloris
1110 3328 1146 3393 et
1163 3323 1263 3393 inac-

197 3489 214 3533 <‹
237 3486 383 3537 cessam
402 3472 679 3538 venenatorum
699 3466 927 3538 animalium
947 3471 1052 3537 motu
1057 3521 1112 3538 .....
1134 3465 1261 3559 alpino

197 3631 214 3676 «
236 3606 339 3678 haud
360 3608 470 3701 longe
490 3609 581 3704 jugo
607 3608 800 3681 subditam
819 3610 993 3703 petierat3
1018 3634 1034 3677 »
1059 3607 1107 3704 (3)
1132 3608 1261 3701 ibique

194 3770 437 3822 commorans
473 3752 587 3846 paulo
624 3758 710 3846 post
746 3752 1024 3824 monasterium
1064 3751 1259 3823 exstruxit.

228 3987 268 4060 (Ι)
282 3989 413 4058 Plinius,
438 3993 575 4047 Nuturoc
592 3991 676 4058 hist,
694 3990 746 4046 ΙΙΙ).
772 3991 823 4056 ΙΙΙ,
841 4007 906 4064 cap.
924 3990 997 4048 V....
1020 3990 1141 4054 Strabo,
1156 3993 1259 4060 (lecu,

193 4083 245 4141 lib.
265 4087 315 4142 lV.

228 4185 268 4256 (2)
297 4186 429 4254 Sanctus
450 4187 588 4243 Hilarius
604 4187 720 4243 Arolat.
744 4191 855 4244 Sermo
884 4192 921 4244 de
949 4187 1015 4244 vitu
1043 4191 1073 4242 St
1091 4186 1259 4254 Honorati,

192 4285 270 4339 Actu
285 4287 350 4349 SS.,
366 4291 437 4340 tom.
455 4286 492 4350 ΙΙ,
508 4286 656 4354 Januar-ii,
674 4303 742 4359 pag.
760 4287 803 4341 19.

229 4383 268 4455 (3)
282 4383 420 4438 Hilarius
437 4384 553 4440 Arelat
569 4385 644 4440 lbid.
