3072 4956
637 482 816 560 ...73-

190 693 277 774 nius
302 693 332 768 »⁴
350 707 412 792 (1).
443 693 586 774 Audias
618 705 789 774 eumdem
822 705 895 774 alio
930 705 1009 773 loco
1036 703 1219 774 dicantem
1249 724 1256 770 :

192 864 208 913 a
235 839 427 938 Praecipua
453 836 581 916 tamen)
597 847 769 917 Larinum
791 868 911 918 meam
932 866 1059 917 amora
1082 846 1259 936 complac-

194 1016 211 1054 «
234 999 291 1059 tor
312 1017 328 1054 »
351 992 412 1078 (2).
444 987 549 1070 Quod
572 991 605 1059 si
622 990 746 1081 ‘hujus
772 992 912 1062 amoris
931 985 1084 1062 causam
1107 989 1258 1082 quaeris

190 1141 231 1208 eb
254 1134 380 1204 statim
395 1136 555 1205 occurrit
575 1135 775 1226 tranquilla
791 1135 984 1216 securitas
998 1156 1070 1226 qua
1087 1135 1260 1206 fluctibus

190 1276 391 1346 interclusa
412 1279 544 1348 Lerina
562 1279 763 1358 fruebatur,
781 1299 935 1370 seseque
954 1287 1027 1348 ut«
1045 1278 1259 1368 paradisum
1371 1320 1377 1324 -

193 1441 313 1490 «earn
353 1419 630 1511 possidentibus
661 1424 709 1510 (3)
742 1421 940 1498 exhibebat
956 1447 988 1490 11.
1025 1447 1041 1486 1
1072 1422 1166 1491 Mira
1201 1443 1260 1494 ras

192 1591 208 1628 «
228 1565 345 1645 9111111,
377 1574 417 1634 ut
451 1567 521 1634 sub
551 1574 614 1635 tot
636 1566 880 1636 barbararum
913 1565 1079 1654 gentium
1107 1565 1259 1657 frequen

194 1734 210 1772 a
234 1717 288 1778 ter
314 1708 420 1778 lactis
448 1709 488 1778 iu
517 1708 635 1778 Gallia
665 1709 976 1795 grassationibus,
999 1731 1027 1790 a
1061 1709 1205 1790 Suavis,
1238 1730 1259 1777 a

193 1852 426 1951 «Vandalis,
461 1852 697 1932 Alamannis,
737 1851 881 1933 Gothis,
917 1851 1257 1940 Burgundionibus,

192 2021 208 2059 a
231 1996 384 2064 Hunnis
408 2004 443 2064 91
466 1996 632 2076 Francia,
670 1995 762 2063 nibil
793 1996 839 2065 ad
874 1995 952 2068 baec
983 2004 1145 2086 tempora
1178 2018 1259 2086 pas-

193 2165 209 2203 «
232 2160 318 2208 sum
339 2139 449 2208 luerit
468 2139 679 2209 detrimenti
700 2139 796 2208 idem
826 2139 1097 2209 monasterium
1126 2140 1260 2209 insulae

194 2267 633 2362 «Le1·inansis‚faoturn
667 2281 759 2371 ipsis
792 2282 902 2352 otiam
938 2282 1113 2352 Barbaria
1150 2291 1259 2373 atquc

192 2450 209 2489 a
231 2424 384 2494 Arianis
403 2424 674 2494 'venerandum
704 2451 721 2489 »
757 2426 818 2514 (4).
855 2425 951 2495 Huic
979 2446 1104 2496 causae
1133 2425 1259 2494 incon-

189 2587 327 2655 gruum
364 2587 440 2636 non
475 2567 657 2636 videbitur
689 2568 981 2638 animadvertere
1010 2567 1150 2658 primos
1183 2588 1259 2636 mo-

192 2710 344 2780 nasterii
372 2719 553 2791 auctores,
577 2711 688 2780 veluti
710 2711 993 2808 incursionibus
1009 2711 1258 2780 Barbarorum

194 2854 336 2944 pulsoS,
361 2875 381 2922 a
405 2853 756 2944 septentrionalibus
780 2854 820 2924 in
840 2854 1101 2924 meridionales
1130 2854 1258 2924 Galliae

193 3006 318 3087 partes
343 2997 547 3078 devenisse.
578 2999 719 3068 Forsan
745 3007 780 3066 et
813 3019 853 3068 ea
884 3007 1098 3088 tempestate
1130 2997 1258 3066 multis

189 3140 344 3228 contigit
363 3161 404 3210 ea
425 3162 510 3232 quae
530 3150 654 3230 postea
673 3150 777 3231 pocta
798 3139 902 3224 ludit,
925 3141 1061 3211 sentire
1083 3164 1091 3209 ε

333 3318 385 3374 M'e
401 3318 521 3375 deserta
535 3305 655 3391 juvant,
672 3326 853 3394 secretaque
868 3319 980 3388 littora,
997 3337 1093 3394 quare

332 3416 457 3474 Deliciis
473 3416 548 3474 satis
565 3422 612 3472 est
627 3418 728 3474 insula
744 3435 837 3493 parva
855 3420 933 3476 ineis
950 3419 997 3488 (5).

226 3630 264 3702 (1)
295 3611 439 3722 Eucbarii
472 3601 576 3707 opera.
602 3633 699 3707 Epist.
734 3633 771 3689 ad
797 3631 918 3692 Philon.
949 3632 1062 3690 Patrol.
1086 3633 1149 3703 lat,
1178 3639 1199 3692 t.
1222 3633 1255 3700 L,

189 3736 343 3793 9011213,

225 3852 264 3928 (2)
281 3855 323 3909 De
339 3857 435 3911 laude
449 3853 559 3911 eremi.
575 3853 661 3924 lbid.,
678 3853 724 3911 col
742 3855 803 3915 711.

225 3968 262 4042 (3)
280 3968 357 4028 lbid.
434 4037 436 4042 Ι
676 4027 678 4030 .

223 4084 265 4156 (1)
280 4084 445 4142 Baronius.
462 4091 581 4143 Annol.
599 4087 650 4144 lib.
668 4087 705 4144 ad
721 4105 836 4145 annum
852 4089 1005 4146 Dxxlv.·

223 4199 260 4273 (5)
287 4203 433 4260 Chronol.
463 4202 572 4268 Leria,
601 4210 620 4262 t.
652 4203 689 4270 11,
720 4222 749 4278 p.
779 4201 841 4262 383.
865 4205 923 4262 1119
948 4206 1059 4264 afferre
1080 4206 1168 4280 juvat
1190 4224 1255 4263 car-

190 4323 260 4365 inen
291 4313 400 4375 tolum,
428 4310 458 4364 in
486 4327 546 4384 quo
571 4311 738 4384 Dyonisius
764 4311 915 4379 Faucbar,
945 4314 1123 4372 Lerinensis
1152 4331 1256 4371 mona-

1147 4457 1156 4476 '
1187 4465 1201 4511 Β
