3072 4956
634 491 834 561 -113-

201 717 371 806 perfecte,
396 714 677 806 «locupletatus
703 715 809 785 rediit¹
837 735 972 802 magna
993 715 1142 806 quidem
1162 714 1266 806 copia

202 887 218 924 a
241 860 473 929 voluminum
494 885 511 924 n
536 862 597 948 (l).
629 861 737 928 Sexta
762 860 1059 950 peregrinatione
1086 861 1263 938 confecta,

202 1003 351 1074 tandem
371 1004 443 1071 vita
463 1004 586 1073 cessit.

246 1147 370 1228 Quaeri
395 1156 518 1236 :potest
549 1169 594 1216 an
624 1148 720 1216 inter
753 1148 1061 1238 peregrinandum
1095 1147 1268 1216 Lerinam

201 1291 365 1360 insulam
394 1291 559 1360 reviserit
582 1292 819 1373 Benedictus3
848 1292 915 1360 etsi
945 1293 1007 1360 vix
1031 1291 1143 1361 dubio
1164 1291 1268 1360 locus

200 1443 268 1516 est,
291 1443 414 1503 tamen
432 1435 586 1503 testibus
603 1457 677 1503 non
693 1444 839 1508 constat
856 1459 863 1503 :
882 1444 1057 1526 praeterea
1075 1436 1111 1505 id
1126 1436 1172 1505 ad
1189 1457 1266 1504 rem

201 1578 398 1648 mediocris
431 1586 486 1646 est
515 1579 631 1667 pretii.
666 1582 748 1648 Jam
777 1579 876 1648 enim
909 1579 1001 1647 satis
1034 1579 1266 1669 exploratum

201 1721 383 1791 habemus
420 1743 501 1812 quae
539 1723 732 1790 contulerit
770 1723 990 1791 Benedictus
1023 1723 1068 1791 ad
1102 1722 1268 1792 scientiae

200 1876 444 1956 augmentum
482 1867 577 1935 inter
613 1866 773 1953 Anglos,
813 1887 885 1956 qua
921 1887 1031 1956 opera
1073 1874 1107 1934 et
1145 1865 1268 1934 studio

203 2039 219 2076 «
241 2012 501 2082 bibliothecam
525 2011 718 2100 utriusque
740 2009 968 2090 monasterii,
998 2031 1110 2100 quam
1131 2030 1267 2097 magna
1365 2093 1373 2113 ,

201 2183 219 2222 a
240 2155 349 2246 eoepit
369 2153 558 2234 instantia,
583 2179 599 2218 n
622 2152 916 2243 locupletandum
942 2153 1144 2234 curaverit;
1170 2174 1267 2222 eam-

200 2322 283 2391 que,
319 2320 404 2367 cum
438 2298 476 2365 in
511 2318 553 2365 eo
587 2306 684 2366 esset
719 2305 758 2367 ut
792 2306 1008 2377 moreretur,
1042 2323 1058 2361 α
1087 2299 1269 2387 quamde

202 2471 218 2508 a
241 2447 359 2513 Roma
381 2440 654 2510 nobilissimam
674 2440 1046 2531 copiosissimamque
1071 2442 1268 2510 advexerat

191 2613 219 2651 .«
240 2587 286 2656 ad
311 2586 594 2654 instructionem
619 2584 790 2654 Ecclesiae
821 2583 1082 2663 necessariam,
1114 2583 1268 2653 sollicite

202 2759 218 2797 «
241 2731 380 2801 servari
419 2730 600 2816 integram
636 2751 703 2798 nec
736 2751 800 2820 per
829 2730 1011 2799 incuriam
1045 2729 1175 2799 l'oedari
1205 2739 1268 2800 aut

202 2903 218 2940 «
242 2875 382 2965 passim
397 2861 577 2962 'dissipari
600 2899 616 2937 »
639 2875 687 2961 (2)
709 2872 935 2962 praeceperit.

245 3022 334 3099 Quae
354 3039 438 3086 eum
460 3017 508 3085 ita
530 3017 617 3097 sint,
644 3026 679 3085 et
697 3017 741 3085 de
764 3016 949 3085 Benedicti
974 3016 1012 3084 in
1033 3037 1070 3085 re
1094 3017 1266 3086 litteraria

200 3163 298 3252 apud
331 3161 475 3248 Anglos
510 3161 651 3230 meritis
680 3168 833 3240 constet,
866 3160 1018 3229 interest
1050 3169 1090 3230 ut
1116 3183 1161 3230 ex
1194 3184 1267 3252 (pue

201 3309 301 3374 l'onte
327 3313 470 3373 tantum
496 3303 700 3372 litterarum
730 3312 764 3371 et
788 3303 1077 3371 monasticarum
1107 3304 1267 3395 discipli-

202 3471 337 3518 narum
357 3447 522 3517 studium
548 3445 725 3527 hauserit,
748 3446 996 3537 inquiramus,
1020 3447 1140 3536 Ipsius
1167 3448 1266 3516 enim

202 3591 414 3663 testimonie
447 3591 492 3659 ad
522 3591 557 3659 id
583 3590 820 3679 impellimur,
852 3613 936 3658 cum
966 3592 1123 3659 fateatur
1152 3591 1264 3680 ipse:

203 3763 219 3800 «
242 3739 367 3826 Neque
390 3735 488 3802 enim
506 3743 635 3823 putare
655 3733 810 3826 habetis
839 3733 971 3823 inquit,
1002 3733 1099 3823 rpued
1120 3755 1165 3802 ex
1185 3755 1267 3802 meo

203 3906 218 3942 a
242 3879 335 3956 lunc,
357 3898 441 3967 qum
459 3876 561 3943 voltis
578 3875 689 3943 statui
705 3876 861 3954 decreta,
879 3875 1049 3943 indoctus
1066 3878 1173 3945 emble
1188 3899 1267 3966 pro-

203 4050 218 4086 «
242 4022 402 4091 tulerim.
426 4023 480 4088 llx
501 4021 625 4089 decem
646 4021 780 4110 quippe
804 4030 838 4089 et
865 4030 1004 4110 septem
1031 4023 1267 4092 monasteriis

237 4236 276 4306 (l)
289 4234 442 4290 Venerab.
461 4235 541 4289 Bella
558 4251 563 4289 :
584 4234 659 4289 Vitu’
674 4241 774 4292 scariot.
788 4239 906 4303 libeat„
923 4235 941 4289 l.
959 4238 995 4303 ll,
1014 4255 1041 4309 p.
1058 4236 1118 4291 725.

238 4325 595 4398 interlocutionem,
614 4325 679 4382 loeo
695 4327 756 4390 eit,
774 4326 824 4382 lib.
844 4327 865 4394 l,
883 4339 916 4384 11⁰
934 4326 975 4383 ll.
