3072 4956
612 519 811 587 -105-
914 559 918 566 ·

176 761 217 810 ee
249 740 329 822 fert,
366 761 441 810 nen
476 749 619 822 tantum
649 764 691 812 ee
720 737 818 834 quod
856 741 935 833 ipse
967 742 1055 811 huie
1087 741 1242 811 coneilio

175 884 337 974 praefuit,
363 886 427 955 sed
448 886 568 973 magis
594 908 639 955 ex
659 907 701 955 eo
727 886 838 977 qnod,
872 887 917 954 ab
934 886 1098 957 ineunte
1118 889 1242 958 seculo

175 1036 280 1097 sexto
300 1029 346 1098 ad
367 1021 543 1107 medinm,
566 1023 605 1097 in
621 1021 828 1110 Provincia,
858 1029 933 1098 ima
953 1051 1038 1098 vere
1058 1031 1097 1098 in
1124 1031 1241 1100 Gallia

176 1181 276 1242 tanta
298 1173 366 1241 fnit
379 1149 785 1263 Arelatensis‘episeopi
802 1173 1014 1254 auctoritate,
1037 1183 1078 1243 nt
1099 1175 1181 1243 sine
1200 1197 1242 1244 ea

174 1315 249 1383 fere
270 1313 363 1382 nihil
391 1315 628 1384 immutatum
653 1315 699 1383 ab
719 1315 955 1384 ecelesiastici
975 1315 1118 1385 ordinis
1138 1316 1240 1396 viria,

174 1457 230 1524 vel
259 1456 477 1526 innovatum
507 1458 627 1527 fuerit.
657 1457 714 1525 Ad
743 1479 885 1526 annum
915 1459 1143 1526 vera'DXXI
1168 1479 1242 1549 qno

173 1601 337 1670 maxime
364 1603 590 1692 conspicuus
619 1610 697 1670 enat
725 1601 920 1682 Caesarius,
951 1602 1149 1670 concilium
1170 1602 1241 1670 Va-

173 1766 284 1814 sense
336 1743 520 1815 refertur(
557 1749 637 1814 Non
682 1754 760 1815 enat
781 1743 784 1748 ’
806 1744 1003 1832 indignum
1048 1745 1241 1814 Lerinensi

173 1887 341 1968 alumne,
370 1898 566 1979 postquam
594 1897 628 1957 et
657 1887 801 1978 ipsein
825 1887 1051 1963 monasterio
1078 1881 1240 1976 primum

172 2030 423 2111 celeberrime,
445 2033 464 2099 a
487 2031 774 2121 praeclarissimo
795 2031 926 2100 deinde
947 2030 1091 2099 rhetore
1110 2030 1241 2098 litteris

126 2165 129 2170 ’
172 2173 341 2242 imbutus
364 2181 452 2252 erat,
478 2175 562 2241 'tuin
592 2173 717 2261 regula
745 2194 812 2242 sua
843 2173 888 2241 ad
916 2173 1086 2241 homines
1113 2172 1240 2241 mulie-

173 2338 278 2385 nesve
297 2317 337 2384 in
357 2317 595 2395 monasteriis
622 2317 796 2404 degentes
816 2317 965 2397 directa,
989 2327 1066 2384 tum
1086 2317 1241 2386 decretis

172 2461 212 2528 in
247 2461 422 2529 Ceneiliis
456 2460 602 2540 habitis,
641 2481 771 2530 ornnes
802 2460 847 2529 ed
880 2460 1084 2529 litterarum
1118 2461 1239 2530 studia

172 2603 383 2695 provocare.

217 2749 407 2828 Quantum
428 2755 548 2816 autem
567 2747 744 2828 studium,
761 2748 1102 2839 quantameunarn,
1125 2748 1239 2839 quan-

173 2900 230 2960 tes
251 2891 397 2959 labores
423 2899 463 2958 ut
489 2890 653 2958 doctrina
686 2891 864 2960 catholiea
890 2892 1031 2979 integra
1062 2892 1236 2981 primurn,

171 3043 206 3102 et
217 3034 267 3102 'ab
284 3033 386 3102 omni
407 3033 545 3102 aaronis
566 3033 694 3102 finude
719 3033 899 3103 immunis
919 3032 1137 3114 seinanetnn,
1154 3057 1238 3103 eon-

170 3176 400 3266 sumpeerit,
436 3177 508 3265 qna
546 3184 623 3244 ante
666 3176 985 3263 Pelagianisniurn
1021 3175 1239 3250 labefactare

171 3341 375 3408 aggressus
402 3319 522 3399 fuerit,
552 3338 636 3386 euni
661 3320 706 3387 ab
731 3319 801 3388 hoe
826 3319 959 3401 libelle,
982 3321 1044 3412 qni
1065 3322 1109 3390 de
1130 3321 1239 3390 rebue

172 3463 318 3533 tantuin
346 3463 391 3531 ed
412 3461 532 3531 studia
559 3462 764 3532 litterarum
794 3464 1046 3552 spectantibus
1075 3465 1162 3551 agit,
1192 3464 1239 3532 eit

170 3607 335 3676 alienum
356 3605 429 3673 alte
450 3605 596 3674 silentio
617 3607 912 3694 praetereundum
933 3607 1086 3676 videtne.
