3072 4956
751 443 928 512 ..38...
1028 521 1030 525 Α

306 685 403 733 none
439 661 612 753 degentes
656 665 839 756 dirigitur.
883 669 1096 747 Notandum
1139 669 1238 738 enim
1277 668 1375 739 inter

305 807 493 899 praecipua'
511 809 593 898 ejus
612 809 780 879 instituta
800 809 1007 900 puellarum
1028 810 1253 892 coenobium,
1275 811 1372 880 circa

184 943 188 948 ’
304 969 447 1018 annum
485 952 555 1018 DX
593 950 855 1033 instauratum,
895 953 993 1043 quod
1029 954 1210 1035 Caesariae,
1251 956 1371 1040 sorori

303 1080 392 1176 suae,
406 1083 455 1162 ut
474 1095 553 1184 ipsa
575 1095 624 1164 ibi
647 1105 832 1185 praeesset,
854 1096 1051 1176 commisit,
1081 1105 1126 1176 et,
1143 1097 1251 1187 cujus
1271 1097 1369 1166 lama

299 1235 376 1326 jam
397 1238 566 1309 Caesariae
585 1232 748 1329 tempore
774 1261 815 1308 ea
835 1239 915 1320 fuit,
944 1248 990 1308 ut'
1012 1239 1062 1308 ibi
1091 1241 1370 1311 «convenirent

304 1407 319 1446 «
342 1382 529 1471 virginum
550 1383 807 1452 multitudines
832 1383 1044 1452 catervatim
1067 1410 1083 1447 l
1107 1386 1168 1473 (l).
1195 1387 1368 1454 Nectum

300 1535 378 1595 tum
399 1527 445 1594 ad
469 1527 737 1616 parthenonem
756 1527 1010 1598 Arelatensem
1031 1528 1195 1618 undique
1214 1548 1367 1597 concur-

300 1655 459 1750 rebatur,
488 1671 552 1740 sed
581 1673 626 1740 ad
647 1671 727 1760 ejus
751 1672 939 1761 exemplar
968 1671 1126 1760 plurima
1158 1672 1365 1762 puellarum

298 1799 466 1884 coenobia·
487 1815 780 1896 instruebantur,
804 1816 852 1884 ita
874 1825 914 1884 ut
934 1815 1083 1886 Caesarii
1104 1815 1273 1884 instituta
1287 1817 1365 1885 sibi

297 1932 532 2030 assumerent
562 1953 875 2029 observandam
902 1960 1001 2028 enim
1031 1949 1206 2030 traditum
1236 1969 1292 2028 est
1320 1960 1365 2029 de

297 2090 522 2171 monasterio
543 2105 690 2173 Sanctae
710 2105 850 2185 Crucis,
868 2105 965 2196 quod
982 2104 1020 2171 in
1036 2097 1126 2190 agro
1141 2101 1362 2174 Pictaviensi

296 2240 529 2314 exstruxerat
566 2247 818 2333 RadcgundiS,
860 2267 879 2314 e
908 2225 1030 2335 ⁴stirpe
1068 2246 1166 2333 regia
1207 2238 1361 2336 etipsa

294 2392 443 2481 quidem
480 2391 605 2479 regina
644 2392 845 2483 quondam,
887 2391 1025 2460 scilicet
1060 2373 1222 2471 Clotarii,
1265 2391 1362 2479 regis

295 2537 535 2615 Francorum,
558 2556 654 2604 uxor
675 2559 682 2603 :
703 2535 756 2603 sic
775 2535 875 2603 enim
896 2534 976 2624 ipsa
992 2534 1175 2602 scribebat
1197 2557 1204 2602 :
1229 2560 1246 2599 a
1268 2536 1360 2602 Con·

292 2643 312 2744 ⁵«
333 2678 583 2766 gregationem
609 2699 763 2768 parma,
785 2677 931 2746 Christo
955 2685 1164 2767 praestante,
1186 2677 1357 2758 collectae,

294 2822 513 2910 «regulam,
540 2823 609 2891 sub
638 2843 709 2912 qua
736 2829 862 2890 sancta
890 2821 1048 2891 Caesaria
1077 2821 1215 2916 deguit,
1245 2843 1358 2912 quam

294 2991 309 3030 «
332 2965 539 3034 sollicitudo
562 2965 656 3035 beati
673 2965 835 3046 Caesarii,
857 2965 1034 3034 antistitis
1048 2965 1292 3048 Arelatensis,
1314 2987 1358 3036 ex

293 3129 309 3168 a
331 3079 564 3172 institutione
582 3112 796 3172 sanctorum
815 3111 961 3192 patrum
977 3102 1238 3180 convenienter
1252 3103 1357 3172 colle-

292 3264 308 3304 «
330 3238 394 3326 git,
434 3239 572 3310 adscivi
607 3265 623 3302 »
660 3241 720 3327 (2).
755 3238 870 3328 Cujus
906 3237 956 3310 rei
995 3236 1165 3326 pluribus
1193 3237 1232 3305 in
1267 3237 1356 3306 locis

290 3369 460 3440 meminit
478 3349 687 3440 Venantius
708 3373 933 3439 Fortunatus
956 3392 963 3438 :
998 3443 999 3448 ,

431 3515 629 3589 Concipiente
643 3513 734 3576 fidem
753 3513 866 3570 Christi
884 3512 1082 3584 Radegundis
1099 3529 1203 3568 amore

502 3595 632 3652 Caesarii
646 3595 752 3651 lambit
764 3593 870 3665 regula
887 3592 1033 3666 quidquid
1050 3592 1142 3648 hahet
1153 3592 1204 3664 (3).

431 3712 527 3786 Cujus
543 3718 616 3767 sunt
628 3710 739 3784 epulae,
755 3709 901 3783 quidquid
914 3711 962 3782 pia
979 3709 1085 3780 regula
1101 3709 1217 3782 pangit,

503 3792 620 3864 Regula
637 3791 765 3847 Caesarii
781 3789 862 3846 linea
878 3795 947 3846 nota
964 3790 1017 3845 tibi
1033 3795 1080 3846 est
1094 3790 1143 3862 (4).

324 3967 361 4041 (l)
382 3968 504 4024 Vitasu'
518 3968 661 4036 Caesarii,
687 3967 737 4022 lib.
766 3967 787 4035 l,
811 3983 867 4041 cap
893 3965 937 4020 25.
964 3966 1077 4023 Patrol.
1101 3966 1164 4031 lat,
1188 3973 1208 4026 t.
1230 3967 1350 4045 vau,

285 4039 506 4193 capvllgssgor·
522 4121 637 4184 Turon,
652 4119 703 4175 lib.
722 4117 774 4183 lX,
792 4136 858 4192 cap.
874 4119 918 4174 42.

321 4200 360 4272 (3)
375 4202 519 4258 Venantii
535 4200 695 4257 Fortunati
709 4200 820 4272 Opera.
837 4199 974 4278 Miscell,
986 4199 1037 4256 lib.
1054 4199 1091 4268 V,
1108 4216 1171 4255 car.
1188 4198 1225 4254 ΙΙ.

321 4283 360 4356 (4)
379 4282 467 4351 11)ἰ(1.,
484 4282 536 4340 lib.
558 4280 640 4350 Vlll,
657 4297 719 4337 car.
735 4280 762 4335 1.
