3072 4956
736 473 932 559 ..93..=

290 718 437 788 copum‚
459 697 597 766 favoris
617 695 655 766 in
676 693 850 788 antiquos
870 696 1069 786 scriptores
1088 696 1224 784 arguit,
1244 724 1261 762 «
1275 698 1364 789 quia

293 867 309 906 «
331 840 369 909 in
390 860 465 908 uno
494 861 534 910 se
561 862 624 909 ore
643 860 728 909 curn
755 839 856 910 Iovis
876 839 1049 909 laudibus
1070 839 1208 910 Christi
1230 841 1363 910 laudes

294 1010 311 1047 a
333 1004 408 1051 non
428 983 620 1072 capiunt...
642 1004 755 1074 quam
775 1003 886 1070 grave
902 982 1180 1075 nefandumque
1200 985 1249 1054 sit
1268 985 1366 1076 epis-

294 1155 310 1192 «
332 1126 434 1216 copis
453 1147 585 1194 canere
608 1125 706 1217 quod
735 1146 801 1195 nec
828 1125 921 1194 Iatco
949 1127 1122 1214 religioso
1153 1131 1364 1211 conveniat,

295 1271 412 1360 «ipse
440 1270 633 1340 consIdera
660 1296 676 1334 »
708 1271 770 1358 (1).
806 1271 925 1350 Quam
959 1270 1120 1340 multum
1149 1272 1266 1354 abest,
1303 1273 1367 1342 vix

293 1413 418 1502 elapso
439 1413 575 1492 secula,
597 1434 639 1481 ea
659 1421 751 1482 aetas
771 1435 842 1504 qua
864 1412 912 1481 ita
934 1413 1179 1503 scriptoribus
1198 1414 1366 1506 antiquis

293 1557 465 1626 favebant
502 1555 720 1631 Christiani,
765 1564 805 1624 ut
846 1554 915 1623 hos
954 1556 1178 1642 gravissimo
1212 1559 1367 1628 vulnere

294 1699 547 1770 sauciatorum
587 1720 638 1778 se,
673 1699 705 1767 si
740 1699 907 1789 profanis
941 1699 1046 1768 libris
1079 1700 1278 1771 edocendis
1312 1702 1366 1774 eis

293 1841 538 1922 interdiceret,
584 1862 806 1932 persuasum
854 1842 1024 1912 habuerit
1071 1827 1246 1914 Julianus
1299 1845 1365 1917 im·

294 1994 451 2076 perator.
523 1973 529 1982 ’

338 2131 421 2196 Non
460 2127 565 2196 aliter
603 2127 784 2196 sentiebat
821 2128 1021 2197 Caesarius
1063 2132 1228 2208 Narrant
1265 2132 1365 2200 enim

294 2293 392 2352 eum,
414 2271 477 2362 qui
499 2271 673 2361 primum,
702 2270 872 2340 Pomerio
891 2271 983 2341 duce
1002 2281 1037 2341 et
1057 2273 1250 2361 magistro,
1273 2275 1366 2344 anti·

294 2435 453 2506 quorum
474 2413 666 2482 studiosus
685 2421 775 2493 erat,
796 2413 988 2494 divinitus
1010 2414 1109 2484 haud
1129 2416 1201 2484 alia
1224 2417 1367 2486 rationo

293 2577 406 2647 quarn
434 2555 702 2646 Hieronymum
724 2577 788 2646 per
812 2576 987 2624 somnum
1008 2557 1054 2626 ab
1075 2557 1129 2627 eis
1148 2558 1366 2628 deterritum

282 2700 422 2769 tuisse.
454 2726 470 2764 «
496 2700 650 2768 Librum
678 2720 788 2790 quem
816 2699 848 2767 ei
877 2700 1073 2786 legendum
1097 2701 1226 2770 doctor
1256 2703 1366 2772 tradi-

295 2869 311 2907 «
333 2843 448 2923 derat,
465 2864 555 2911 casu
571 2842 693 2929 vigilia
711 2842 886 2936 lassatae,
909 2843 948 2911 in
969 2843 1101 2914 lectulo
1122 2845 1192 2914 sub
1213 2846 1365 2936 scapula

295 3013 311 3050 «
334 3007 402 3055 sua
441 2985 566 3074 posuit
605 3008 612 3052 :
660 3006 772 3074 supra
815 3007 937 3075 quem,
982 3007 1067 3055 cum
1117 2987 1366 3058 nihilominus

295 3156 311 3193 «
334 3128 593 3208 obdormisset,
625 3149 713 3196 mox
738 3126 916 3197 divinitus
938 3129 1090 3197 terribili
1120 3131 1264 3200 visione
1288 3155 1365 3222 per-

295 3289 311 3328 «
334 3262 499 3343 collitur;
534 3269 569 3330 et
597 3261 636 3329 in
664 3281 834 3351 soporem
861 3261 1136 3352 aliquantulum
1163 3266 1363 3346 resolutus

295 3424 311 3460 «
334 3396 431 3465 videt
457 3395 564 3486 quasi
591 3396 782 3484 scapulam
812 3395 850 3463 in
883 3418 955 3486 qua
974 3397 1130 3486 jacebat,
1154 3399 1365 3469 brachium-

295 3565 311 3601 «
333 3559 405 3628 que
424 3559 498 3628 quo
516 3537 673 3606 innixus
697 3539 815 3605 fuerat
838 3536 966 3618 codici,
987 3537 1148 3607 dracone
1168 3540 1367 3628 colligante

294 3699 311 3736 a
332 3672 476 3740 corrodi
513 3696 533 3736 »·
566 3674 627 3760 (2).
650 3671 767 3750 ¹Quod
802 3671 1057 3740 somnium'ei
1090 3673 1159 3742 luit
1192 3675 1291 3744 idem
1325 3697 1366 3744 ac

293 3807 519 3896 Hieronymo
540 3805 728 3874 Ciceronis
748 3804 863 3872 libros
882 3814 946 3873 aut
966 3805 1127 3875 Alc-uino
1149 3809 1204 3895 (3)·
1217 3809 1364 3896 Virgilii

327 4030 368 4102 (l)
394 4030 498 4086 Sancti
516 4029 658 4101 Gregorii
685 4028 790 4099 Magni
814 4044 917 4101 opera.
941 4029 1055 4085 Patrol.
1080 4030 1143 4095 lat,
1165 4037 1184 4086 t.
1209 4032 1365 4096 LXXVII,

291 4119 513 4280 codddllldllsita
527 4208 632 4265 saneti
648 4208 790 4264 Coesarii.
808 4207 922 4264 Patrol.
937 4208 1000 4276 lat,
1016 4214 1035 4264 t.
1054 4209 1177 4277 LXVII,
1202 4213 1262 4270 col.
1285 4213 1363 4272 1005.

326 4299 365 4371 (3)
380 4299 479 4370 Epist.
497 4302 539 4354 ud
553 4300 740 4354 Germanos.
905 4296 980 4354 Ibid.
1126 4299 1185 4356 col.
1200 4300 1363 4358 11511155.
