3072 4956
604 507 807 576 -117-
888 469 891 474 ’

171 757 187 796 a
209 730 321 820 plinis
353 727 616 801 erudiebantur
644 731 781 801 artium
798 731 876 822 jam
902 729 1150 800 liberalium»
1174 731 1234 818 (l),

169 892 265 960 inter
283 899 377 982 quos
396 891 579 982 praecipuo
600 893 678 984 loco
699 874 1007 962 annumerandus
1036 901 1091 961 est
1114 893 1236 962 Alcui-

170 1075 255 1136 nus
277 1051 340 1146 qui
360 1055 404 1124 de
424 1053 646 1124 Eboracensi
667 1051 820 1124 ecclesia
837 1055 914 1124 baec
934 1055 1107 1144 scripsit:
1132 1054 1238 1124 «Ubi
1286 1106 1291 1116 .

172 1243 188 1282 r
210 1237 276 1304 ego
297 1212 460 1286 nutritus
479 1225 513 1285 et
532 1216 699 1286 eruditus
719 1218 862 1286 fueram
882 1227 959 1287 et...
981 1239 1040 1286 me
1060 1214 1239 1304 magister

172 1396 188 1433 «
210 1390 316 1438 meus
353 1369 508 1438 dilectus
546 1370 740 1456 EgbertnS,
776 1369 1089 1459 archiepiscopus,
1126 1367 1237 1437 baere·

173 1547 189 1586 e
211 1522 293 1590 dem
324 1521 516 1612 reliquit.»
548 1522 635 1601 Quat
655 1531 780 1611 postea
811 1521 849 1589 in
870 1521 1024 1612 epistola
1054 1521 1099 1589 ad
1129 1521 1237 1590 Caro-

172 1674 249 1742 lum
274 1693 454 1760 magnum
480 1673 675 1742 confirmat
706 1694 713 1740 :
746 1699 762 1737 «
791 1675 934 1741 Desunt
959 1672 1064 1753 mihi,
1092 1672 1238 1741 servulo

172 1850 190 1920 r<
211 1835 345 1906 restro,
356 1825 614 1916 exquisitiores
630 1825 847 1895 eruditionis
863 1826 1095 1896 scholasticae
1111 1825 1237 1906 libelli,

175 2004 191 2041 α
213 1999 307 2068 quos
327 1977 440 2068 habui
467 1977 505 2045 in
527 1977 643 2066 patria
664 1998 728 2066 per
750 1978 887 2046 bonam
907 1987 941 2046 et
960 1977 1237 2046 devotissimam

175 2130 382 2217 «magistri
425 2130 497 2198 mei
540 2129 688 2216 Egberti
726 2130 949 2199 industriam
989 2157 1005 2193 »
1046 2132 1107 2218 (l).
1149 2129 1240 2209 Quis

173 2282 296 2342 autem
336 2273 444 2342 fuerit
477 2273 538 2340 ille
576 2272 770 2354 Alcuinus,
818 2273 909 2342 satis
947 2272 1156 2353 innotescit,
1201 2281 1240 2342 ut

175 2446 311 2494 nomen
336 2425 417 2515 ejus
449 2425 487 2492 in
515 2427 677 2496 medium
705 2425 902 2515 prolatum,
937 2426 1039 2494 nulla
1067 2425 1240 2515 explana-

175 2576 273 2644 tione
289 2576 463 2663 indigeat.
481 2579 575 2646 Eum
594 2599 658 2667 per
673 2577 895 2665 magistrum
911 2599 1022 2646 suum
1039 2578 1240 2664 Egbertum

174 2736 208 2796 et
242 2750 306 2818 per
340 2729 476 2798 Bedam
503 2730 762 2804 Venerabilem
802 2751 877 2798 non
916 2751 998 2800 esse
1028 2730 1182 2798 omnino
1220 2752 1239 2798 a

173 2880 440 2950 Lerinensibus
478 2881 655 2962 alienum,
695 2883 871 2951 omnibus
904 2903 1127 2972 persuasum
1160 2903 1242 2951 esso

173 3024 295 3094 velim.
325 3024 417 3093 Cum
438 3046 523 3093 vero
549 3025 732 3094 Alcuinus
760 3024 916 3094 multam
941 3025 1136 3095 contulerit
1160 3047 1242 3115 ope-

129 3181 140 3202 ·“
176 3189 269 3248 ram,
291 3168 421 3236 Carolo
447 3188 583 3255 magno
605 3189 700 3255 rege,
732 3168 778 3236 ad
799 3168 1003 3237 litterarum
1025 3169 1146 3238 studia
1167 3169 1242 3238 ins-

176 3311 380 3392 tauranda;
421 3311 626 3381 litterarum
662 3338 677 3376 r
697 3311 865 3401 lampada
889 3339 905 3376 »
936 3335 1048 3404 quam
1081 3313 1242 3402 primum

175 3455 397 3525 Lerinenses
417 3457 549 3544 Anglis
570 3457 807 3536 tradiderant,
834 3457 873 3524 in
900 3457 1057 3526 Galliam
1081 3465 1243 3547 tompore

176 3623 250 3692 quo
274 3603 372 3693 apud
401 3613 549 3673 nostros
576 3605 650 3672 fore
677 3603 995 3690 exstinguebatur,
1022 3625 1042 3671 a
1069 3603 1243 3671 Lerinen-

177 3754 275 3823 sium
305 3754 452 3824 haerede
479 3755 657 3844 reportari
688 3755 854 3824 arridet:
878 3755 986 3824 sicuti
1013 3777 1032 3823 e
1060 3755 1241 3848 Lucretio,

179 3932 195 3971 «
220 3929 279 3976 res
294 3907 501 3976 accendunt
516 3906 657 3976 lumina
676 3909 798 3988 robus,
814 3935 829 3972 n
848 3907 896 3976 ita
913 3915 1041 3994 gentes
1057 3907 1241 3994 gentibus.

213 4128 252 4200 (l)
271 4129 393 4185 Alcuini
419 4130 507 4203 epist.
525 4128 561 4184 ad
582 4128 784 4200 Eanbaldum,
807 4130 989 4206 archiepisc,
1008 4130 1137 4201 Eborac,
1167 4137 1186 4187 t.
1210 4132 1243 4201 C,

178 4228 236 4285 col.
254 4226 313 4284 108.

214 4327 253 4400 (2)
271 4325 357 4395 llud„
374 4325 506 4422 ⁰⁰¹’.108'
