3058 4960
637 504 803 576 -9-.

181 756 198 797 «
220 752 267 800 ne
298 729 489 802 blanditiis
520 729 597 800 sive
626 729 829 800 terroribus
863 729 1102 820 seducantur,¹
1135 751 1242 823 quoe,

181 901 197 940 «
219 873 387 956 consulo,
421 873 614 944 mittamus
640 874 678 942 in
704 873 860 957 ltaliam,
892 882 945 956 ut,
979 883 1147 944 cessante
1175 875 1245 944 hac

180 1043 197 1082 «
220 1015 563 1087 furenticalamitat
512 1025 596 1099 tte,
620 1017 814 1086 redeante
817 1015 1079 1086 ttreaedificen
1098 1016 1168 1086 hoc
1188 1040 1244 1086 sa-

179 1186 196 1227 «
218 1181 324 1230 orum
358 1161 628 1230 monasterium
659 1161 926 1242 Lerinense,e
907 1169 974 1230 etc
1002 1187 1018 1226 n
1046 1163 1107 1250 (l.)
1143 1163 1244 1242 Quos

179 1326 314 1394 pueros
352 1306 561 1376 adolescent
548 1315 675 1397 tesque
713 1307 938 1377 novissimos
978 1319 1085 1379 aetate
1127 1329 1243 1377 mero

177 1447 346 1534 vingiaca
362 1448 478 1518 fuisse
493 1448 692 1530 auditores
705 1458 750 1530 et,
764 1458 804 1518 ut
814 1471 901 1518 voce
912 1449 1130 1530 Quintiliani
1146 1459 1241 1532 utar,

177 1590 422 1661 scholasticos
444 1592 599 1683 jamjam
630 1593 900 1662 Saracenorum
930 1592 1050 1662 ruinis
1078 1602 1112 1662 et
1136 1593 1242 1662 caedi-

177 1735 248 1804 bus
286 1735 460 1825 perituree
487 1736 703 1805 Lerinensis
730 1737 869 1806 scholae
906 1737 1037 1806 merito
1071 1737 1240 1808 dixerim.

176 1877 278 1947 Nihil
298 1878 398 1948 enim
418 1880 463 1949 de
482 1889 627 1971 postera
649 1889 756 1950 aetate
776 1881 1009 1951 tractandum
1030 1881 1189 1972 suscepi.
1252 1958 1255 1962 ³

134 2113 137 2119 ι
220 2023 291 2092 Sed
318 2023 365 2092 iis
389 2025 564 2094 omnibus
589 2047 673 2116 quae
698 2047 810 2116 supra
835 2025 945 2094 allata
911 2034 1071 2106 tatsun
1046 2025 1131 2094 tin
1157 2047 1241 2096 eum

176 2163 298 2234 locum
316 2166 595 2237 adducimurt
555 2176 606 2248 ut,
630 2189 715 2237 cum
742 2177 840 2238 certo
864 2177 991 2238 consta
993 2177 1007 2238 t
1026 2123 1100 2238 toto
1121 2178 1191 2238 aeta
1195 2169 1242 2238 tis

174 2309 219 2378 de
256 2315 328 2400 qua
367 2310 489 2397 agitur
524 2311 739 2392 decursu,
730 2333 769 2379 m
803 2313 967 2382 insulam
1000 2312 1240 2382 Lerinensem

175 2473 310 2542 pueros
336 2455 506 2524 advectos
535 2455 651 2526 fuisse
679 2456 903 2538 educandos
934 2479 980 2526 ex
1008 2458 1068 2526 his
1093 2433 1240 2527 conclu-

173 2596 309 2666 damus
348 2595 440 2666 illud
479 2595 759 2667 celeberrimum
802 2599 1071 2668 monasterium
1113 2600 1239 2668 schola

174 2741 291 2811 fuisse
310 2741 546 2824 instructum,
573 2761 765 2834 genusque
788 2743 924 2834 duplex
951 2745 1239 2814 adolescentium

173 2884 451 2955 educandorum
480 2883 531 2954 ibi
557 2885 674 2954 fuisse
697 2894 885 2955 versatum
911 2909 918 2954 :
948 2908 1066 2956 unum
1091 2887 1239 2977 quidem

173 3049 302 3097 eorum
322 3028 385 3118 qui
406 3036 488 3118 post
490 3049 531 3096 ea
475 3030 627 3098 tloob
632 3031 662 3096 ti
632 3029 994 3150 tcognominet
920 3026 994 3099 dict
996 3029 1006 3098 i
1027 3030 1239 3100 interiorem

172 3174 305 3242 scholar
294 3193 331 3240 m
368 3171 887 3263 rtoustmfrequenantides
907 3172 1236 3264 prosequebantur,

174 3323 215 3382 ut
241 3313 338 3382 inter
370 3313 586 3383 monasterii
620 3315 691 3383 frat
678 3323 752 3383 tres
780 3323 1040 3406 cooptarentur
1059 3316 1239 3405 (nate)

174 3476 258 3525 rum
278 3472 364 3526 vero
381 3477 512 3526 eorum
533 3456 596 3547 qui
616 3457 727 3526 veluti
748 3461 968 3528 anteriorem
986 3462 1156 3536 scholam,
1181 3481 1238 3530 co-

172 3601 344 3668 nonicam
364 3597 453 3708 olim
468 3599 617 3680 dictam,
639 3599 688 3668 ita
709 3599 872 3680 adibant,
889 3609 929 3669 ut
944 3622 1044 3682 mox,
1061 3600 1238 3670 humanis

172 3741 383 3833 divinisque
413 3740 546 3812 litteris
571 3741 716 3825 imbuti,
745 3751 846 3812 extra
872 3743 1059 3834 asperiora
1090 3766 1238 3816 monas-

174 3884 254 3953 terii
283 3881 446 3955 claustra
479 3906 557 3954 rem
593 3894 755 3974 agerent.
791 3888 934 3957 Horum
963 3887 1104 3957 similes
1137 3888 1237 3957 Salo-

171 4028 278 4098 nium
297 4029 576 4119 Veranumque,
606 4037 640 4098 et
659 4029 801 4099 Sidonii
820 4030 1048 4120 Apollinaris
1072 4029 1235 4112 fratrem,

206 4277 245 4351 (1)
260 4281 407 4337 chronol.
424 4281 532 4350 Leria,
554 4287 574 4337 t.
593 4281 615 4348 l,
630 4300 658 4357 p.
674 4281 736 4339 221.

167 4431 169 4436 ,
206 4377 245 4452 (2)
264 4378 474 4436 Eldrehardus
492 4396 498 4436 :
520 4380 591 4437 Vita
602 4382 641 4437 su·
655 4381 797 4451 Nollent,
813 4393 848 4437 n0
864 4381 889 4438 7.
