3072 4956
451 923 661 1011 enrur
698 921 1014 1051 Qunnruu

679 1200 786 1209 ——a

254 1459 329 1524 QUA
359 1457 621 1512 AUCTORITATE
650 1455 878 1508 LERINENSIS
912 1455 1058 1508 SCHOLA
1084 1454 1217 1506 AETATE

477 1611 764 1664 MEROVINGIACA
792 1610 982 1663 VALUERIT

244 1867 313 1936 His
340 1867 528 1948 omnibus,
554 1888 635 1958 quae
659 1873 766 1935 nnten
791 1865 1052 1946 disseruimus
1082 1887 1167 1957 quee
1191 1865 1266 1934 fue-

201 2009 248 2079 rit
271 2009 486 2078 Lerinensis
516 2008 711 2090 institutiO,
737 2017 919 2099 quantum
950 2008 1080 2077 sultem
1105 2007 1150 2076 ud
1177 2006 1267 2076 liue-

201 2176 262 2222 rns
282 2153 478 2235 doeendus,
500 2153 637 2244 quibus
657 2152 861 2222 eonstiterit
881 2152 1084 2230 elementis,
1105 2173 1177 2243 qun
1194 2151 1265 2220 vitu

200 2297 354 2387 praeditn
379 2296 439 2377 sit,
470 2297 681 2387 explanare,
717 2295 819 2364 omni
848 2317 921 2388 qun
956 2295 1145 2386 potuimus
1178 2316 1266 2363 euru

201 2440 321 2510 eonati
343 2461 487 2509 sumus,
523 2439 722 2530 Reliquum
747 2447 814 2519 esi,
840 2448 880 2508 ut
900 2447 1097 2530 postquam
1122 2438 1166 2508 de
1191 2459 1267 2507 mu-

207 2583 336 2672 gistris
364 2582 630 2674 discipulisque
655 2583 921 2652 Lerinensibus
953 2591 1076 2652 ectum
1100 2591 1167 2662 est,
1193 2603 1265 2673 quu

203 2727 431 2806 auctoritate,
459 2735 565 2795 eetute
590 2726 875 2814 merovinginen‚
902 2726 1117 2795 Lerinensis
1137 2725 1264 2796 schole

200 2871 368 2959 viguerit,
391 2870 638 2961 inquiramus,
661 2872 779 2952 Quum
807 2872 854 2940 ob
878 2892 1030 2940 enusnm
1055 2870 1267 2940 evolvendae

200 3022 289 3083 sunt
313 3013 449 3082 ehnrtae
470 3012 607 3105 quibus
631 3013 868 3104 perspicuum
893 3021 960 3093 est,
987 3035 1072 3104 quae
1096 3013 1205 3082 fuerit
1224 3034 1266 3082 en

202 3149 309 3227 aetuie
328 3156 501 3225 Lerinum
522 3157 823 3226 concurrentium
845 3157 1054 3238 multitude,
1077 3167 1110 3226 et
1129 3157 1266 3248 quihus

198 3301 243 3370 de
262 3298 386 3369 causis
405 3299 444 3367 in
465 3299 629 3369 insulam
649 3307 729 3368 neta
750 3299 884 3382 fuerit;
911 3300 974 3392 qui
1000 3300 1148 3382 fuerint,
1171 3300 1266 3370 inter

198 3443 342 3534 eosqui
367 3465 412 3512 ex
436 3442 670 3512 institutione
693 3443 852 3513 insulari
877 3453 1149 3534 processerunt,
1177 3444 1265 3514 insi-

199 3607 292 3674 gnes
312 3586 472 3676 episcopi
493 3607 653 3678 quorum
681 3585 835 3655 historin
861 3587 1078 3656 meminisse
1101 3587 1263 3669 curarim

198 3752 293 3820 quus
333 3730 480 3800 tandem
520 3730 728 3820 provincias
766 3731 950 3800 invasisse
987 3753 1028 3801 en
1065 3732 1266 3802 auctoritas
1359 3803 1361 3806 ,

199 3873 367 3943 videntur
389 3896 396 3941 :
418 3874 554 3964 quibus
581 3875 825 3962 argumentis,
848 3875 920 3944 nisi
946 3876 1065 3958 fnllor,
1094 3885 1264 3967 susceptu

199 4016 356 4108 quaestio
375 4017 499 4085 omnis
519 4016 741 4086 absolvetur.

244 4161 333 4228 Fere
366 4159 504 4238 omnin,
540 4181 625 4250 quse
654 4168 803 4230 nostrus
832 4160 871 4230 in
905 4182 1041 4230 munus
1070 4170 1262 4242 venerunt,

200 4301 411 4372 testimonia
443 4302 783 4394 frequentissimum
813 4302 928 4373 fuisse
955 4303 1128 4374 Lerinnm
1159 4304 1264 4374 ndre-
