3058 4960
740 508 917 581 ..10-

296 735 536 828 Arnulphum
562 737 764 807 Metensem
793 746 856 806 aut
888 735 1099 824 Agricolam
1129 733 1361 807 Avenionenn

298 901 388 960 sem,
424 900 517 970 quos
543 879 645 948 nullo
674 880 784 947 modo
813 879 909 947 inter
937 879 1144 948 monachos
1172 899 1362 948 recensere

297 1024 354 1092 fas
374 1031 440 1104 est,
463 1023 553 1092 satis
573 1023 833 1112 comperimus
853 1021 939 1092 lllos
958 1044 1044 1090 vero
1064 1043 1200 1112 pueros
1221 1023 1361 1093 adoles·

297 1174 464 1234 centesve
483 1187 642 1256 quorum
665 1165 834 1233 meminit
854 1165 1109 1252 chronologia,
1136 1174 1176 1234 ut
1197 1186 1261 1234 eos
1284 1174 1361 1234 tan-

297 1318 376 1377 tum
401 1308 439 1377 in
466 1309 628 1377 medium
657 1309 822 1388 afferam,
851 1307 913 1398 qui
941 1308 1105 1377 Porcarii
1135 1317 1298 1398 tempore
1322 1308 1360 1376 in

297 1451 420 1521 insula
444 1453 557 1522 vitam
595 1472 702 1539 agere
731 1459 930 1542 coeperant,
963 1451 1106 1520 oblatos
1140 1450 1256 1520 luisse
1286 1472 1361 1520 mo-

298 1595 459 1664 nasterio
491 1595 610 1664 dicere
640 1595 733 1682 lieet,
773 1616 868 1686 quos
895 1617 935 1663 ea
971 1602 1078 1663 aetate
1105 1595 1151 1662 ad
1178 1602 1361 1663 monaste·

298 1736 407 1818 rium,
429 1738 633 1828 direptione
665 1760 684 1806 a
713 1738 910 1807 Saracenis
939 1739 1047 1818 faeta,
1076 1737 1362 1807 instaurandum

297 1890 462 1950 servatos
482 1882 704 1972 accepimus.

341 2026 432 2105 Quae
452 2045 536 2113 uero
556 2024 692 2095 fuerint
712 2025 851 2094 scholae
879 2025 1094 2094 Lerinensis
1116 2025 1234 2092 forma
1260 2023 1362 2093 habi-

296 2181 401 2242 tusve
429 2170 521 2239 mihi
555 2191 630 2238 non
665 2179 721 2238 est
753 2169 953 2239 consilium
980 2169 1040 2237 hic
1070 2187 1249 2260 quaerere.
1283 2167 1362 2236 Etsi

297 2336 372 2384 non
396 2314 465 2383 fuit
484 2313 651 2383 instituta
679 2314 725 2383 ad
746 2315 1002 2382 Romanarum
1018 2313 1057 2381 in
1078 2312 1197 2382 Gallia
1219 2311 1362 2381 schola-

297 2477 380 2525 rum
397 2453 688 2525 recentiorumve
702 2455 985 2546 gymnasiorum
1002 2453 1133 2535 instar,
1151 2462 1191 2522 ut
1211 2453 1362 2544 quidam

295 2601 424 2671 Gallici
451 2602 614 2671 nominis
639 2611 819 2683 auctores,
843 2601 1003 2691 pondere
1024 2622 1099 2670 non
1126 2601 1223 2670 leves
1244 2601 1280 2670 id
1300 2623 1358 2669 as-

296 2757 417 2805 serere
440 2736 611 2805 videntur
631 2738 692 2825 (1),
723 2736 854 2806 abhis
884 2744 1008 2805 tamen
1034 2757 1109 2804 non
1141 2735 1190 2804 ita
1217 2735 1361 2804 diversa

296 2887 515 2957 aestimanda
550 2896 616 2968 est,
653 2909 738 2978 quae
771 2887 971 2956 identidem
1005 2886 1149 2956 nobiles
1180 2888 1362 2977 quosdam

296 3038 546 3108 adolescentes
575 3039 731 3127 originis
761 3038 989 3129 honorisque
1022 3025 1244 3107 causa'non
1275 3057 1363 3105 enu-

298 3191 424 3260 trierit.
454 3193 529 3261 Suo
549 3191 628 3260 loco
656 3187 973 3261 demonstrabitur
998 3175 1212 3260 Lerinensis
1237 3189 1363 3260 schola

296 3343 624 3431 grammaticorum
653 3344 818 3432 vestigiis
845 3344 1009 3434 primum
1040 3341 1242 3423 inhaerens
1276 3361 1363 3412 mox

296 3517 381 3564 vero
407 3496 453 3564 ab
478 3495 532 3566 eis
559 3497 733 3566 recedens
758 3505 798 3565 ut
817 3495 915 3564 iiam
938 3496 1122 3565 diversam
1152 3495 1273 3576 iniret,
1297 3495 1363 3563 im·

296 3646 515 3738 buendoque
544 3648 796 3717 adolescentes
824 3648 935 3717 rebus
963 3647 1191 3734 theologicis,
1223 3647 1361 3736 potius·
1426 3671 1428 3676 ’

296 3821 408 3890 quam
428 3809 505 3870 arte
525 3801 719 3882 rhetorica,
739 3800 929 3886 theologos
945 3799 1182 3890 potiusquam
1198 3808 1364 3868 oratores

295 3945 524 4020 informaret.

332 4145 371 4218 (Ι)
387 4147 493 4202 Guizot
517 4161 523 4201 :
544 4146 624 4203 Hist.
651 4150 689 4204 de
713 4151 744 4203 lo
768 4147 852 4204 civil.
869 4162 909 4203 en
928 4149 1062 4211 Fronce,
1088 4152 1107 4201 t.
1136 4147 1157 4215 l,
1181 4146 1238 4202 lec.
1261 4143 1362 4200 lV.....

297 4240 419 4298 Fauriel
437 4259 443 4298 :
465 4243 546 4299 Hist.
564 4248 602 4301 dc
616 4249 647 4300 Ια
663 4247 763 4301 Gaule
779 4243 906 4309 meriti„
925 4251 945 4299 t.
970 4246 991 4312 l,
1009 4244 1057 4300 cli.
1074 4245 1114 4309 X,
1131 4263 1160 4317 p.
1186 4243 1304 4300 roa-403
1308 4285 1363 4298 .....
1424 4287 1426 4290 .

296 4340 430 4414 Ampere
447 4357 453 4396 ε
470 4341 552 4396 Hist.
571 4341 678 4410 litter,
692 4348 711 4397 t.
729 4342 766 4411 ll,
783 4361 812 4417 p.
828 4341 947 4398 278-279
950 4385 1004 4399 .....
1027 4341 1174 4398 Miolrelet
1196 4358 1202 4398 :
1225 4341 1308 4397 Hist.
1326 4344 1365 4397 de

295 4441 430 4506 France,
446 4444 466 4495 t.
487 4441 509 4506 l,
525 4439 577 4496 liv.
596 4441 633 4510 ll,
648 4459 677 4515 p.
693 4440 755 4497 261.
1304 4447 1307 4452 '
