3058 4960
650 511 760 600 ‚715
783 549 828 562 -

207 734 340 816 hendo,
376 741 514 826 quanta
548 735 816 806 sententiarum
851 736 1121 828 verborumque
1153 736 1270 828 copia,

207 901 319 970 quam
358 867 477 950 facilis
510 879 650 968 ingenii
689 879 819 950 virtus.
854 882 1017 949 Narrant
1054 881 1153 950 enim
1186 902 1272 952 eum

207 1021 323 1091 fuisse
351 1021 549 1103 Hilarium,
583 1021 644 1113 qui
677 1048 693 1087 n
722 1021 869 1090 Salinas
890 1030 1065 1112 expetens
1084 1031 1272 1094 automata

207 1164 367 1254 propriis
387 1165 563 1235 manibus
587 1171 622 1233 et
641 1164 776 1234 sudore
795 1165 993 1234 confecerit
1013 1189 1051 1248 »3
1077 1166 1140 1257 qui
1160 1166 1272 1257 pluri-

207 1309 279 1378 mis
307 1309 475 1379 conciliis
503 1309 660 1379 diversis
687 1309 726 1376 in
751 1308 841 1377 locis
870 1309 1070 1398 praefuerit,
1099 1311 1214 1379 multa
1239 1319 1274 1380 et

208 1433 413 1542 longinqua
441 1451 572 1522 itinera
601 1452 797 1540 ingressus
826 1453 885 1532 sit,
920 1453 983 1544 qui
1013 1455 1174 1535 tandem,
1197 1463 1272 1524 tam

207 1596 332 1666 solerti
352 1606 475 1666 mente
494 1606 529 1666 et
548 1598 623 1666 acri
644 1597 794 1686 ingenio
815 1597 863 1667 sit
882 1598 1073 1688 praeditus,
1101 1605 1141 1668 ut
1160 1597 1272 1668 simul

208 1740 321 1810 variis
347 1740 521 1831 operibus
545 1740 723 1822 intentus,
752 1749 869 1810 artem
901 1742 1068 1811 fabrilem
1098 1751 1274 1812 manuel

208 1903 285 1952 rem
306 1883 521 1953 litterariam
542 1883 679 1974 pariter
698 1893 893 1953 exerceret.
925 1884 1040 1975 Cujus
1067 1884 1118 1953 rei
1147 1884 1273 1954 memi-

207 2025 262 2094 nit
299 2026 456 2096 Edesius
494 2026 636 2095 Hilario
675 2034 802 2095 nostro
840 2027 1172 2118 conjunctissimus
1210 2030 1271 2117 (1).
1352 2097 1355 2103 .

207 2171 333 2260 Neque
376 2168 477 2239 aliud
520 2169 669 2260 scripsit
712 2171 928 2240 Honoratus
969 2170 1218 2240 Massiliensis
1264 2193 1271 2240 :

209 2339 225 2378 a
248 2312 359 2383 Sedili
391 2333 594 2404 mensaque
627 2313 794 2404 opposita
824 2313 917 2383 liber
947 2314 1195 2401 ingerebatur,
1225 2324 1271 2397 et,

210 2484 226 2522 «
247 2457 341 2527 Titio
361 2435 530 2527 adstante
557 2455 713 2537 notaria,
744 2456 836 2526 liber
865 2457 1052 2547 praebebat
1076 2457 1202 2527 animo
1227 2458 1274 2528 ci·

209 2626 226 2665 «
248 2601 350 2680 bum,
378 2619 515 2668 manus
546 2599 714 2669 nectendi
745 2599 935 2669 velocitate
962 2601 1134 2670 currebat
1161 2626 1178 2667 »
1211 2603 1271 2689 ().

252 2746 345 2814 Cum
366 2745 440 2813 fere
459 2744 584 2813 omnia
605 2744 686 2835 ejus
706 2765 814 2834 opera
840 2745 974 2825 desint,
1005 2745 1067 2813 vix
1098 2745 1136 2814 in
1166 2745 1274 2815 nobis

208 2887 321 2957 situm
342 2895 397 2956 est
416 2908 462 2955 ex
481 2887 627 2974 cognita
643 2907 755 2956 causa
777 2886 984 2973 legitimum
1008 2886 1052 2955 de
1071 2886 1152 2977 ejus
1172 2887 1273 2975 inge-

209 3031 271 3099 nio
291 3031 454 3120 proferre
470 3030 665 3121 judicium.
688 3030 949 3111 Quamobrem,
971 3029 1015 3099 de
1030 3050 1071 3099 ea
1092 3051 1130 3098 re
1149 3031 1274 3101 audia-

208 3195 295 3243 mus
328 3173 438 3243 velim
472 3174 643 3244 eumdem
676 3173 757 3264 ejus
790 3174 876 3243 vitae
909 3182 1109 3254 auctorem,
1142 3173 1273 3242 Hilarii

209 3318 391 3410 aequalem
411 3326 445 3388 et
464 3318 629 3388 amicum
650 3340 657 3386 :
685 3343 701 3381 a
722 3317 952 3408 Temporalis
972 3337 1057 3385 vero
1081 3315 1162 3406 ejus
1182 3337 1274 3406 prae-

245 3549 285 3622 (l)
303 3549 440 3606 Ibidem:
463 3549 531 3605 Vidi
547 3567 614 3620 ega,
637 3566 694 3605 nec
710 3548 822 3620 dignus
844 3553 925 3604 tanta
945 3547 983 3603 ad
999 3549 1155 3622 praeconia
1176 3549 1273 3614 testis,

458 3648 570 3703 Plexos
586 3646 651 3703 sole
664 3647 731 3720 jugi
747 3646 858 3717 digitos
874 3648 1009 3702 cessisse
1023 3645 1120 3702 labori
1130 3662 1139 3716 ;

458 3745 608 3803 Nectendi
628 3746 705 3801 ratio
721 3746 823 3800 varias
838 3744 1014 3827 injunxerat
1029 3744 1132 3813 horna,

457 3845 522 3901 Nec
538 3845 631 3900 finem
647 3843 791 3918 precibus
807 3848 942 3899 mutatus
958 3843 1072 3899 fecerat
1086 3848 1183 3900 actua.

458 3942 592 3998 Credere
608 3943 658 3997 vix
674 3958 802 4015 possum
815 3958 1001 4014 quemquam
1015 3946 1153 4015 tempora
1166 3942 1288 3998 eodern'

457 4041 589 4097 Nectere
605 4040 779 4107 dictantem,
798 4039 962 4111 relegendo
978 4039 1066 4107 lecta,
1082 4039 1215 4108 fatenda,

459 4139 531 4207 Ore,
548 4155 652 4206 manu,
674 4136 765 4193 simul
781 4136 840 4204 hoc
862 4138 993 4211 operari,
1018 4137 1184 4203 attendere,
1206 4138 1272 4193 fari.

247 4255 286 4327 (2)
310 4255 379 4312 Vita
392 4254 517 4312 Hilarii
531 4255 568 4312 ab
584 4255 742 4311 Honorato
760 4253 879 4330 Massil.
896 4254 968 4310 ibid.
991 4255 1094 4311 Patrol
1117 4254 1179 4324 lat,
1204 4260 1222 4309 t.
1241 4255 1273 4319 L,

214 4352 260 4409 col
287 4353 366 4410 1233.
