3072 4956
707 467 885 533 ..90-

264 689 433 768 «boram
466 690 680 776 seeundam,
712 689 858 761 lectioni
890 697 1019 758 vacent
1040 715 1057 754 n
1087 691 1157 778 (1);
1193 689 1231 768 id
1266 699 1337 771 est,

261 855 338 904 rem
355 854 458 907 more
473 842 601 904 nostro
624 833 884 924 computande,
913 856 934 902 a
957 841 1061 902 sexta
1091 833 1137 904 ad
1165 842 1337 902 octavam
1422 848 1430 859 ·

260 978 405 1050 baram.
427 978 520 1048 lllud
542 1001 627 1048 vero
647 979 809 1069 spatium
829 978 927 1070 quod
948 978 1080 1047 litteris
1101 1000 1147 1048 ex
1164 979 1340 1068 professe.
1423 957 1425 960 Ι

261 1122 450 1192 tradendis
485 1122 725 1204 tribuebatur,
761 1144 837 1192 non
868 1122 917 1191 ita
953 1122 1077 1192 studio
1111 1122 1339 1213 lectionique

261 1266 488 1356 suppetebat,
510 1275 550 1336 ut
570 1267 708 1357 reliqua
729 1266 788 1334 die
805 1266 851 1335 ab
871 1266 918 1334 iis
937 1266 1093 1335 omnino
1109 1287 1154 1335 ex
1176 1266 1335 1336 Caesarii

260 1408 440 1480 institutis
460 1409 719 1490 abstineretur,
734 1429 831 1477 -cum
851 1409 967 1477 multo
985 1409 1111 1477 verius
1131 1408 1334 1488 habeatur,

262 1550 455 1621 lectionem
488 1551 563 1620 sere
595 1551 811 1619 continuam
845 1551 962 1619 fuisse
996 1574 1003 1618 :
1039 1576 1056 1614 «
1081 1551 1261 1622 Sedentes
1289 1550 1338 1619 ad

263 1719 279 1758 «
302 1715 472 1804 mensam
494 1702 650 1776 taceant,
678 1703 713 1763 et
731 1694 900 1766 animum
914 1694 1071 1763 'lectioni
1093 1695 1336 1764 intendant...

264 1864 280 1902 a
304 1837 471 1928 Reliquis
496 1838 635 1909 veroin
655 1859 773 1907 unum
798 1839 1050 1928 operantibus
1068 1859 1149 1928 *una
1165 1837 1211 1906 de
1232 1813 1338 1908 aare·

262 2007 278 2045 «
301 1981 405 2054 ribus
425 2001 544 2070 usque
566 1989 604 2049 at
623 1980 767 2048 tertiam
790 1979 885 2067 legat
911 2007 927 2045 u
952 1983 1014 2069 (2).
1050 1981 1189 2049 Eadem
1219 1981 1338 2050 ferme

261 2123 393 2195 iisdem
412 2125 534 2196 verbis
549 2125 588 2194 in
609 2146 649 2194 ea
672 2124 796 2210 regula
812 2145 925 2214 quam
948 2149 964 2188 a
985 2125 1075 2194 dum
1096 2134 1195 2194 esset
1214 2147 1337 2195 saeer-

263 2295 279 2334 «
301 2269 369 2340 das
392 2268 471 2360 ipse
496 2290 560 2359 per
584 2268 728 2336 diversa
756 2269 981 2336 monasteria
1010 2295 1026 2332 »
1058 2271 1106 2357 (3)
1134 2269 1337 2344 ¹transmis-

261 2413 371 2495 Serat,
393 2412 590 2484 monacbis
605 2412 820 2502 injunxerat
835 2411 1048 2480 Caesarius:
1072 2437 1089 2476 «
1111 2412 1224 2481 Omni
1248 2421 1337 2481 tem-

262 2583 278 2621 «
301 2551 388 2647 pure
408 2556 592 2647 usquead
613 2554 757 2638 tertiam
786 2553 951 2640 legant...
977 2554 1023 2621 ad
1045 2575 1218 2624 mensam
1244 2555 1336 2625 dum

261 2718 278 2757 «
300 2690 528 2760 manducant
572 2687 698 2757 nullus
724 2686 930 2779 ¹loquatur,
980 2687 1045 2757 sed
1088 2708 1190 2757 unus
1239 2689 1337 2776 legat

262 2859 278 2898 a
300 2847 571 2926 quemcumque
601 2831 776 2900 librum»
804 2831 865 2918 (4).
894 2833 968 2898 Nec
992 2830 1065 2898 alia
1098 2832 1142 2900 de
1171 2854 1288 2904 causa
1315 2856 1336 2902 a

260 2969 487 3039 monasterio
511 2965 716 3038 infantulae
736 2964 897 3034 excludit
920 2987 1006 3056 quae
1026 2966 1229 3057 septimum
1251 2989 1334 3048 sex7

261 3071 384 3174 tumre
412 3123 555 3178 annum
584 3121 659 3172 non
691 3099 904 3186 attigerunt,
937 3099 1009 3168 nisi
1037 3101 1124 3190 quia
1152 3101 1337 3171 «litteras

263 3265 279 3304 «
300 3237 442 3306 discere
461 3244 495 3304 et
515 3233 734 3310 obedientiae
753 3234 1006 3322 obtemperare
1026 3259 1043 3298 »
1066 3256 1142 3304 non
1159 3246 1335 3326 possunt.

261 3375 314 3444 Eo
356 3369 469 3460 igitur
507 3377 669 3458 tempore
711 3365 957 3434 institutionis
997 3368 1218 3438 monasticae
1257 3371 1335 3439 vim

260 3505 487 3596 praeeipuam
508 3501 613 3572 lectio
642 3498 862 3567 obtinebat:
893 3520 977 3590 quae
997 3500 1146 3590 quidem
1173 3501 1212 3570 in
1244 3525 1338 3573 uno-

256 3615 407 3732 'quoque
436 3648 511 3708 tam
540 3637 705 3704 virorum
734 3655 846 3724 quam
875 3633 1074 3704 mulierum
1102 3639 1336 3708 monasterio

261 3771 398 3843 sebalae
416 3770 464 3839 ad
482 3768 690 3839 docendum
711 3788 864 3836 eausam
880 3766 990 3836 dedit.

296 4000 335 4072 (1)
346 3998 450 4054 Sancti
462 3995 592 4052 Caesarii
606 4011 710 4068 opera.
723 3993 837 4050 Patrol.
851 3992 914 4060 lat,
927 3999 946 4052 t.
959 3993 1082 4064 LXVll,
1095 3996 1153 4052 eol.
1166 3997 1247 4054 1109.

295 4097 336 4169 (2)
501 4093 577 4149 lbid.
697 4085 703 4094 “
832 4089 906 4146 lbid.
1092 4093 1150 4149 eol.
1166 4093 1334 4151 1107-1108.

295 4195 334 4266 (3)
498 4190 574 4249 lbid.
603 4260 606 4265 Ι
829 4187 904 4242 lbid.
1094 4189 1153 4250 col.
1174 4190 1257 4248 1090.

294 4293 333 4366 (l)
496 4289 571 4344 lbid.
831 4284 905 4340 lbid.
1092 4287 1150 4344 eol.
1166 4288 1336 4354 10901091.
