3072 4956
620 499 797 566 ..67-

174 727 281 818 cujus
301 726 412 796 vitam
433 745 606 795 enarrare
631 723 824 792 Ennodius
849 720 1003 802 curavit,
1031 743 1050 791 e
1071 720 1241 812 partibus

175 871 474 963 septentrionalis
502 869 613 940 ltalia
637 869 742 938 illum
765 866 992 936 monachum
1020 865 1149 935 incerti
1179 887 1242 937 no·

176 1015 302 1096 minis,
337 1015 382 1085 de
414 1036 488 1106 quo
521 1013 618 1082 idem
651 1011 845 1081 Ennodius
879 1011 924 1080 ad
961 1010 1240 1080 Archotomiam

176 1167 332 1228 matrem
364 1158 556 1249 epistolam
586 1156 734 1246 scripsit
758 1158 819 1245 (1),
846 1177 865 1224 e
890 1155 1092 1246 Campania
1120 1155 1242 1223 Siffre·

176 1303 266 1372 dum
285 1302 438 1393 ejusque
458 1310 611 1392 patrem.
637 1300 764 1370 Galliae
790 1321 876 1368 vero
904 1299 1086 1386 regiones,
1112 1299 1242 1366 Arver-

178 1447 292 1526 niam,
314 1445 560 1526 Provinciam,
588 1453 812 1535 ceterasque,
842 1465 927 1513 cum
952 1443 1079 1512 minus
1104 1442 1242 1512 miran-

177 1591 267 1658 dum
288 1589 336 1658 sit
356 1588 401 1657 ad
422 1609 485 1657 eas
505 1588 698 1657 devenisse
727 1588 864 1656 famam
893 1586 1146 1666 Lerinensem,
1184 1607 1244 1676 ia-

179 1758 262 1809 rum
289 1757 390 1806 curo.
421 1737 473 1804 Ea
507 1757 590 1826 quac
623 1735 733 1804 modo
762 1734 823 1803 hic
855 1735 964 1803 allata
999 1741 1099 1816 sunt,
1131 1757 1243 1826 quam

179 1883 288 1968 longe
309 1881 452 1970 lateque
473 1880 727 1948 auctoritatam
748 1879 951 1948 extenderit
970 1878 1148 1947 Honorati
1170 1879 1245 1950 ins-

180 2023 300 2092 titutio
320 2023 467 2092 abunde
483 2023 695 2092 ostendunt.

223 2165 346 2256 Hujus
374 2166 424 2234 rei
448 2188 582 2235 causas
608 2166 810 2236 sciscitanti
835 2167 944 2236 variae
972 2178 1183 2250 occurrunt,
1212 2177 1247 2239 et

179 2309 217 2377 in
239 2308 369 2399 primis
390 2309 780 2378 notanda-fundatoris
805 2310 1021 2380 monasterii
1042 2311 1246 2398 singularis

178 2453 392 2522 excellentia
413 2464 447 2523 et
467 2454 613 2544 propria
634 2455 763 2524 virtus.
786 2457 932 2524 Norunt
951 2477 1082 2526 omnes
1098 2478 1246 2526 monas-

181 2596 291 2665 ticam
318 2597 588 2698 institutionem
615 2599 712 2690 apud
737 2600 943 2670 Orientales
967 2603 1136 2693 populos,
1159 2625 1247 2693 prae-

181 2741 308 2810 sertim
332 2741 538 2845 AEgylitios,
565 2743 727 2833 primum
754 2743 918 2832 viguisse
945 2755 1077 2837 quarto
1108 2747 1244 2828 secula,

182 2905 249 2954 nec
284 2892 339 2952 est
363 2906 429 2953 cur
454 2885 660 2955 recolamus
687 2897 776 2978 quot
806 2890 1013 2959 monachos
1047 2890 1097 2960 ibi
1130 2890 1245 2961 incliti

179 3026 331 3118 quidam
352 3027 503 3098 abbates
532 3028 602 3099 sihi
623 3030 858 3121 subjecerint.
883 3034 975 3102 Rem
1005 3056 1090 3104 vero
1110 3043 1247 3110 attenta

180 3181 303 3241 mente
331 3172 580 3243 consideranti
610 3175 707 3244 haud
732 3177 888 3246 obscure
920 3189 1151 3270 perspectum
1178 3189 1245 3260 est,

180 3316 345 3406 impulsu
374 3318 535 3407 quodam
564 3317 777 3389 christianae
810 3321 1056 3394 institutionis
1090 3326 1247 3396 usitatas

180 3459 262 3528 vitae
286 3459 366 3528 vias
390 3459 611 3542 deseruisse,
644 3471 678 3532 et
705 3465 925 3535 solitudines
949 3467 1100 3558 petiisse
1131 3469 1247 3539 homi-

181 3623 259 3682 nos,
297 3623 372 3670 non
407 3624 449 3672 eo
479 3612 601 3674 tamen
631 3606 769 3696 impetu
797 3616 836 3677 ut
860 3609 1002 3680 deserta
1023 3621 1151 3702 petens
1176 3614 1247 3684 sibi

182 3754 327 3814 tantum
363 3747 521 3838 quisquo
555 3759 708 3839 pareret,
744 3752 808 3821 sed
842 3754 965 3844 potius
996 3764 1036 3825 ut
1068 3759 1247 3849 exemplis

182 3887 306 3956 alliciti
338 3890 592 3959 auctoritatem
620 3914 745 3962 eorum
775 3897 837 3987 qui
867 3920 1014 3968 morum
1040 3900 1248 3988 integritate

182 4040 215 4098 et
240 4032 454 4100 austeritate
487 4036 696 4124 exemplum
730 4040 814 4108 aliis
843 4051 877 4111 et
901 4044 1017 4112 forma
1049 4046 1249 4137 regulaque

182 4164 262 4243 vitae
289 4175 373 4243 facti
404 4186 540 4258 essent,
567 4193 821 4271 sequerentur.
851 4189 901 4257 Ea
928 4189 1026 4261 enim
1047 4212 1159 4264 causa
1180 4193 1248 4264 fuit

217 4370 255 4442 (l)
269 4371 430 4430 Ennodius
444 4391 547 4451 opera,
563 4375 614 4436 lib.
630 4378 696 4447 Vll,
714 4381 802 4458 epist.
821 4382 863 4443 ll.
