3072 4956
652 509 831 579 ...61-

206 735 279 807 bus
299 735 458 806 hebraeis
474 757 519 805 ex
534 735 752 827 etymologia
770 733 1000 826 explicandis
1015 736 1215 805 contexuit.
1232 738 1282 806 At

208 879 380 948 eumdem
428 877 622 946 Salonium
670 877 824 945 omnino
867 886 1053 967 expertem
1094 879 1280 948 sermonis

208 1021 345 1092 hebraei
368 1044 443 1091 non
464 1022 569 1090 facile
588 1022 737 1110 effingo,
755 1044 840 1091 curn
860 1023 931 1113 ipsi
953 1023 1121 1093 scribens
1141 1024 1279 1094 Euche·
1348 1051 1350 1058 ·

208 1166 300 1247 rius,
332 1167 378 1235 ad
403 1165 799 1239 lidemtronslotionis
829 1165 1049 1248 laciendum,
1076 1168 1149 1236 vim
1179 1169 1280 1237 vocis

209 1309 365 1380 lrebreeae
392 1310 547 1390 invocet,
578 1330 733 1400 eamque
765 1331 863 1398 saepe
891 1309 930 1378 in
963 1310 1126 1380 medium
1161 1313 1280 1400 legen-

207 1453 294 1521 dam
316 1451 732 1543 prol'erat.·Hieronymo
748 1452 852 1533 duce,
871 1463 992 1523 return
1014 1453 1151 1550 habent
1170 1456 1281 1525 eccle·
1325 1501 1335 1514 ·

207 1595 350 1665 siastici
399 1594 567 1683 docteres
609 1595 716 1663 firmo
761 1617 830 1664 suo
875 1595 1116 1666 fundamento
1157 1604 1302 1668 carere

208 1739 404 1808 scientiam
425 1738 662 1826 exegeticam,
684 1759 778 1829 quae,
797 1738 932 1808 hebraei
949 1741 1135 1810 sermonis
1151 1742 1279 1831 peritia

208 1883 396 1963 destituta,
425 1881 557 1951 Libros
578 1882 712 1949 Sacros
732 1881 1028 1972 interpretandos
1050 1885 1278 1972 aggreditur,

253 2027 309 2094 Ex
329 2025 452 2094 allatis
473 2025 582 2093 modo
599 2023 676 2114 jam
693 2023 930 2114 perspicuum
958 2033 1013 2094 est
1036 2047 1149 2117 quam
1170 2026 1281 2096 dista-

209 2180 263 2238 ret
283 2150 499 2238 Lerinensis
519 2167 645 2237 schola
669 2169 783 2236 abeis
803 2191 885 2260 quae
905 2170 1003 2259 apud
1023 2170 1280 2241 Gallo-Roma-

210 2335 280 2382 nos
305 2322 407 2382 tanta
434 2312 541 2382 laude
571 2320 605 2381 et
632 2311 847 2382 auctoritate
873 2313 1092 2402 polluerant.
1119 2317 1216 2384 Dum
1242 2316 1280 2386 in

206 2458 291 2528 istis
331 2485 348 2523 «
383 2457 544 2527 oratorio
578 2466 613 2527 et
649 2457 903 2527 camenalibus
937 2458 1058 2528 modis
1092 2459 1279 2530 imbueba-
1353 2480 1358 2489 ·

210 2612 269 2672 tur
297 2629 314 2668 »
342 2605 390 2690 (1)
417 2602 536 2693 iisque
568 2601 762 2670 insistebat
793 2602 1018 2672 erudiendus
1049 2603 1279 2686 adolescens

207 2767 249 2816 ea
277 2746 340 2814 vix
377 2752 522 2815 tanturn
547 2743 644 2834 apud
674 2744 896 2813 Lerinenses
920 2744 1134 2833 attingebat,
1166 2768 1282 2838 quan-

209 2899 289 2958 tum
309 2890 568 2959 ad'scientiam
593 2911 738 2958 sacrorn
763 2889 909 2978 aliaque
934 2888 1059 2957 omnia
1080 2889 1167 2959 huie
1195 2912 1280 2959 con·

204 3034 333 3125 juncta
363 3032 595 3123 percipienda
617 3053 767 3101 necesse
790 3031 1005 3113 habebatur,
1041 3033 1089 3102 ita
1118 3042 1158 3102 ut
1185 3034 1281 3103 inter

208 3178 351 3269 primas
378 3175 593 3244 Lerinensis
622 3176 748 3245 schola
775 3175 900 3264 hujus
929 3197 1040 3268 quarn
1073 3181 1280 3248 clericalem

207 3343 248 3390 ea
270 3321 350 3416 lere
365 3328 470 3390 etate
485 3319 627 3389 dicebat
648 3318 841 3387 [innodius
858 3321 919 3407 (2),
941 3319 1104 3390 scicntiae
1121 3321 1278 3390 forrnarn

206 3462 332 3532 edidit.
368 3462 448 3542 Quo
476 3461 596 3541 fiebat,
622 3469 661 3529 ut
684 3481 730 3530 ex
756 3459 983 3546 ea‘theologi
1006 3459 1168 3550 quidem,
1196 3469 1279 3530 turn

205 3603 370 3694 episcopi
390 3613 468 3673 turn
489 3587 675 3683 monachi,
705 3603 759 3671 vel
786 3610 928 3671 tantum
956 3601 1089 3682 clerici,
1122 3602 1277 3684 exirent,

245 3839 284 3908 (Ι)
299 3836 407 3892 Sidon.
425 3825 525 3909 Apoll.
543 3834 608 3890 Lib.
626 3835 678 3902 111,
695 3835 784 3908 epist.
803 3833 834 3888 Ι3
848 3833 884 3888 ad
901 3833 1069 3890 Ecdicium.

242 3937 282 4007 (2)
297 3934 470 3991 Ennodius.
488 3934 585 4008 Epist.
612 3933 665 4001 lX,
688 3932 715 3997 9,
737 3952 766 4006 p.
790 3931 843 4008 234
860 3955 871 3982 ι
889 3933 1096 4006 Properantes
1121 3933 1158 3989 ed
1185 3952 1219 3990 se
1243 3934 1280 3991 de

208 4058 218 4085 ι
243 4033 417 4108 disciplinis
448 4032 641 4089 secularibus
665 4031 773 4087 salutis
797 4032 898 4105 opifex
924 4049 985 4087 non
1009 4033 1130 4096 refutat,
1158 4033 1211 4088 sed
1236 4034 1280 4089 ire

208 4158 217 4181 ·
243 4131 281 4188 ad
298 4131 368 4188 illes
385 4148 571 4204 quemquern
588 4130 625 4185 de
641 4146 697 4184 suo
725 4129 822 4184 nitore
843 4146 904 4184 non
924 4130 1047 4202 patitur.
1071 4129 1138 4186 Jarn
1160 4131 1186 4185 si
1208 4149 1279 4186 euru

125 4273 128 4282 .
208 4255 220 4282 ι
243 4230 360 4286 mundo
384 4229 596 4293 subtraxeras
620 4227 725 4283 mundi
749 4228 778 4282 in
803 4245 838 4284 eo
859 4227 1013 4284 schemata
1037 4246 1098 4284 non
1115 4231 1278 4303 requiras:

208 4352 220 4379 ι
243 4328 397 4385 erubesco
420 4326 629 4384 ecclesiastica
652 4326 846 4400 profitentem
872 4327 1062 4383 ornamentis
1086 4328 1302 4386 secularibus'

212 4451 225 4480 ‹
248 4426 427 4503 expolire.»
