3058 4960
725 468 910 542 *it-

289 703 365 764 tam
386 694 580 766 sententiis
599 717 711 789 quam
732 717 825 787 puro
854 704 890 766 et
916 704 1014 765 terso
1034 713 1206 769 sermone
1225 711 1354 784 appro-

289 838 407 919 betur,
429 848 465 908 et
483 838 589 908 facile
615 838 712 908 inter
731 839 894 930 aequales
920 859 962 908 ea
988 838 1033 908 de
1057 859 1096 906 re
1115 837 1277 927 palmam
1297 857 1354 904 as·

289 988 479 1071 sequatur.
510 980 714 1050 Notissima
748 988 837 1049 sunt
865 979 965 1049 enim
991 1000 1076 1070 quae
1102 979 1147 1048 de
1172 976 1354 1048 Eucherio

289 1124 484 1204 ErasmuS,
520 1124 571 1192 rei
606 1123 733 1193 latinae
764 1123 1025 1214 peritissimuS,
1059 1122 1207 1212 scripsit
1237 1144 1245 1190 :
1278 1120 1353 1189 «Si

291 1293 307 1332 «
330 1268 418 1358 quid
443 1289 525 1338 meo
546 1267 725 1356 suffragio
746 1267 891 1348 trihuiS,
914 1267 1006 1336 nihil
1026 1266 1130 1336 video
1150 1266 1354 1356 profectum

291 1434 349 1481 «a
386 1421 526 1481 nostrae
555 1411 745 1499 religionis
774 1410 1003 1492 hominihuS,
1038 1411 1102 1502 qui
1135 1408 1353 1502 eloquentiae

290 1577 307 1618 o
331 1575 477 1644 quoque
501 1553 617 1642 gloria
638 1553 842 1635 floruerint,
864 1553 962 1644 quod
988 1574 1073 1622 cum
1094 1552 1207 1643 huJ'us
1227 1551 1353 1642 phrasi

236 1788 240 1796 Ι
291 1722 307 1762 o
329 1698 378 1766 sit
397 1698 662 1790 conferendum
679 1723 696 1762 »
719 1699 780 1787 (1).
810 1698 880 1767 Hic
895 1697 1079 1792 operibus
1106 1703 1141 1766 et
1159 1696 1230 1765 vila
1252 1695 1354 1764 insu·

290 1839 364 1908 lam
389 1861 502 1933 quam
529 1850 636 1911 antea
658 1841 822 1932 petierat,
845 1849 989 1926 tantum
1010 1838 1292 1919 commendavit,
1314 1846 1355 1908 ut

288 1983 385 2055 inter
422 1986 630 2077 praecipuos
664 1985 910 2056 institutionis
939 1984 1154 2055 Larinensis
1185 1993 1354 2054 auctores

285 2127 369 2218 jure
389 2139 688 2200 connumeretur.

334 2271 481 2341 Eximio
505 2273 557 2342 illi
585 2274 808 2364 scriptorum
838 2271 993 2341 concilio
1024 2271 1267 2342 ascribendus
1300 2279 1355 2340 est

289 2411 499 2498 SalvianuS,
534 2417 597 2508 qui
632 2426 772 2508 septem
806 2439 870 2508 per
900 2437 1021 2486 annos
1054 2415 1094 2485 in
1128 2414 1355 2484 monasterio

288 2559 482 2629 Lerincnsi
515 2581 556 2630 se
593 2560 798 2640 occultavit,
843 2560 979 2651 ibique,
1025 2567 1116 2629 teste
1157 2557 1352 2638 Eucherio,

224 2786 225 2789 Ἴ
288 2701 395 2792 cujus
422 2703 521 2773 filius
548 2703 723 2773 Solonius
754 2704 917 2775 Salviani
948 2702 1143 2792 disciplina
1173 2702 1354 2771 formatus

287 2855 355 2926 est,
385 2848 622 2938 praeceptoris
653 2863 807 2919 munere
835 2848 986 2918 functus
1012 2855 1079 2917 est.
1114 2845 1184 2915 Sed
1205 2866 1290 2915 cum
1309 2843 1355 2912 de

288 2989 461 3060 Salviano
486 2992 620 3080 agitur,
649 2993 808 3063 occurrit
834 2994 945 3063 timor
969 3014 1015 3063 ne
1042 2991 1134 3062 tanti
1162 2975 1368 3080 scriptoris¹

288 3131 450 3220 elogium
471 3134 577 3203 facile
602 3145 703 3205 extra
733 3135 867 3206 limites
887 3135 974 3204 huic
993 3134 1095 3225 operi
1116 3132 1354 3224 praescriptos

291 3269 474 3347 excurrat.
496 3277 604 3347 Unus
623 3278 723 3347 enim
743 3278 839 3347 inter
858 3299 966 3368 pares
981 3277 1129 3358 eminet,
1147 3276 1354 3365 fruiturque

288 3422 496 3492 celebritate
528 3423 705 3492 maxima.
740 3422 1028 3492 Celeberrimum
1057 3420 1193 3490 lihrum
1217 3421 1353 3488 dedu·

287 3569 496 3636 heruntz‘oue
531 3569 673 3646 muudi,
713 3566 752 3634 in
786 3587 859 3657 quo
890 3565 1005 3637 Taciti
1037 3585 1140 3635 more
1165 3561 1353 3652 effrenatis

288 3708 668 3778 Gallo-Romanorum
693 3729 816 3777 mores
835 3707 1079 3778 barbararum
1105 3706 1272 3794 gentium
1292 3726 1353 3795 op·

288 3850 404 3941 ponit,
426 3852 590 3921 divinam
616 3851 890 3921 Providentiam
915 3851 960 3919 ab
986 3850 1033 3919 iis
1052 3850 1116 3941 qui
1135 3871 1216 3919 eam
1237 3849 1353 3918 insec-

288 4004 427 4078 tantur,
449 3997 704 4067 vindicaturus
724 3995 884 4086 scripsit.
912 3994 1021 4064 Haud
1041 3994 1146 4063 facile
1166 3992 1230 4062 tihi
1251 3992 1353 4061 effin-

321 4213 360 4286 (1)
391 4210 536 4269 Eucherii
565 4227 669 4286 opera,
696 4209 810 4268 Alardo
840 4211 910 4267 edit.
941 4209 1021 4278 1531,
1047 4211 1188 4268 Basileoe.
1216 4205 1352 4285 Epistola

290 4308 410 4368 Erasmi
427 4310 622 4369 dedicatoria.
