3058 4960
735 510 910 580 ..18-

289 737 396 806 illum
406 735 651 806 Vincentium'
665 734 740 826 qui,
759 734 909 804 ineunte
929 734 1053 804 seculo
1072 733 1215 826 quinta,
1239 734 1354 820 (bjic-

292 885 405 950 tioncs
432 882 691 950 Vincentiooos
720 877 880 968 scripsit,
910 877 1062 980 jamque
1091 877 1183 946 satis
1208 871 1362 946 matura'

291 1033 398 1094 aetate
421 1023 461 1093 in
481 1023 645 1092 insulam
670 1021 865 1109 confugit:
893 1022 990 1112 quod
1011 1021 1090 1112 ipse
1115 1042 1183 1090 nos
1210 1019 1355 1090 monuit

273 1169 457 1241 'scribens
487 1190 494 1235 :
528 1193 544 1231 a
577 1167 669 1236 Cum
703 1165 932 1257 aliquamdiu
965 1165 1078 1234 variis
1111 1187 1153 1234 ac
1186 1165 1354 1234 tristibus

292 1343 308 1383 a
330 1317 508 1390 secularis
528 1315 670 1385 militiae
695 1316 907 1386 turbinibus
935 1316 1178 1397 volveremur,
1205 1315 1352 1385 tandem

291 1487 308 1526 a
331 1482 399 1532 nos
419 1461 458 1530 in
479 1469 626 1550 portum
648 1459 837 1547 religionis
857 1460 1001 1529 cunctis
1025 1459 1249 1529 fidissimum
1269 1479 1354 1528 con-

291 1604 530 1696 «didimus»
555 1605 615 1692 (1).
649 1604 740 1683 Quae
761 1612 883 1672 tamen
914 1603 1024 1674 fuerit
1047 1603 1128 1692 ejus
1155 1612 1287 1672 natura
1307 1603 1354 1672 ad

289 1712 486 1820 discendas
512 1747 664 1816 'litteras
704 1711 813 1836 apta,¹
836 1767 909 1838 quo
938 1747 1073 1828 studio,
1108 1767 1178 1838 qna
1214 1768 1301 1816 cura
1332 1769 1352 1815 a

289 1891 419 1982 primis
439 1892 570 1960 saltem
598 1891 682 1960 vitae
706 1891 830 1970 annis,
860 1891 899 1960 in
920 1890 1059 1960 scholis
1085 1891 1259 1982 frequens
1279 1892 1353 1961 fne-

239 2090 242 2102 .
289 2035 347 2129 rit,
371 2056 416 2104 ex
436 2034 495 2104 his
515 2055 600 2125 (puae
627 2034 736 2103 modo
763 2034 932 2103 dicentur
960 2035 1051 2103 satis
1075 2035 1172 2103 clarc
1192 2034 1353 2104 innotes-

288 2187 355 2248 cet.
381 2179 415 2246 ls
443 2177 542 2246 enim
573 2177 791 2247 monasticae
814 2177 957 2247 militiae
976 2178 1173 2267 ascriptus
1195 2199 1355 2270 moxque
1432 2257 1434 2261 ,

289 2322 565 2413 Scripturarum
594 2322 792 2390 Sacrarum
817 2330 852 2390 et
872 2321 1086 2409 theologicae
1107 2321 1271 2392 scientiae
1295 2343 1353 2413 pe-

289 2463 504 2544 ritissimus
531 2485 615 2533 cum
640 2459 859 2553 perniciosae
879 2463 973 2545 lites,
1001 2464 1046 2534 de
1073 2465 1183 2534 rebus
1203 2486 1288 2556 quae
1307 2465 1353 2533 ad

289 2607 505 2695 religionem
526 2607 721 2697 pertinent,
743 2608 890 2677 animos
910 2618 1134 2690 exercerent,
1157 2581 1353 2700 partesque

287 2751 326 2818 in
346 2751 441 2820 duas
460 2749 702 2819 christianam
724 2751 989 2848 rempublicam
1015 2751 1213 2833 traherent,
1236 2753 1351 2822 multa

288 2915 373 2963 cum
410 2893 517 2962 laude
549 2895 588 2962 in
622 2894 737 2963 aciem
765 2895 984 2984 prorumpit,
1019 2903 1054 2964 et
1088 2922 1104 2960 o
1131 2896 1351 2986 opusculum

288 3049 442 3126 parvum
480 3037 577 3105 mole
614 3037 678 3106 sed
715 3038 849 3106 virtute
886 3037 1136 3106 maximum»
1168 3041 1215 3126 (2)
1254 3040 1351 3130 quod

289 3183 618 3250 Commonitorium
637 3185 838 3269 Pereprini
855 3185 1083 3259 inscribitur,
1100 3182 1257 3268 eleganti
1278 3203 1352 3251 ser·

287 3343 397 3392 mone
412 3324 619 3414 composuit
637 3347 644 3392 :
664 3350 680 3389 «
698 3323 780 3393 Alia
797 3329 943 3415 quoque
959 3324 1139 3393 nonnulla
1156 3325 1353 3415 scripsisse

289 3465 432 3554 legitur,
454 3488 538 3558 quae
558 3467 604 3536 ad
625 3467 793 3536 notitiam
813 3489 890 3535 non
911 3477 1090 3537 venerunt
1111 3494 1127 3533 »
1152 3471 1213 3558 (3).

332 3611 424 3679 Cum
452 3611 621 3691 omnium
650 3612 825 3684 manibus
854 3619 1020 3680 versetur
1038 3611 1225 3681 Vincentii
1254 3614 1352 3683 Leri-

288 3753 417 3822 nensis
463 3758 809 3831 Commonitorium,
855 3754 990 3844 quibus
1035 3764 1177 3824 constet
1222 3745 1349 3838 rebuS,

288 3917 400 3986 quam
434 3896 640 3965 doctrinam
669 3897 840 3966 exhibeat
872 3898 1240 3986 proferrenostrum
1274 3921 1351 3968 non
1390 3979 1392 3984 ⁸

322 4127 361 4198 (1)
374 4127 527 4183 Vincentii
541 4129 642 4196 Lerin,
660 4129 858 4198 Commonit,
873 4141 907 4184 n⁰
922 4129 948 4196 1,
966 4149 994 4204 p.
1011 4131 1073 4199 316,
1091 4130 1161 4186 edit.
1179 4131 1283 4187 Belua.

323 4226 359 4298 (2)
378 4226 540 4295 BaroniuS‚
557 4229 676 4283 rinnai.
694 4227 745 4283 lib.
763 4227 799 4283 ad
816 4246 929 4284 annum
946 4229 1055 4285 CCCC.

321 4322 361 4393 (3)
375 4323 572 4391 Trithemius,
588 4327 630 4382 De
645 4324 752 4398 script.
769 4331 887 4396 eccles,
904 4328 989 4384 artic.
1007 4327 1044 4385 de
1063 4328 1204 4384 Vincent.
1222 4329 1290 4385 Ler.
