3058 4960
721 465 877 533 -8..

269 690 337 759 hoc
363 691 442 760 loco
466 699 539 759 tam
565 690 700 760 illustri
730 691 880 782 aliquod
904 689 1027 759 adhuc
1052 690 1247 762 intercidat
1268 694 1333 762 du-

268 834 384 914 bium,
406 833 521 903 alium
542 834 642 902 haud
662 835 914 903 obscuriorem
939 835 1165 924 subjungere
1185 837 1302 926 placet
1324 861 1331 906 :

269 977 476 1045 «Florebat
513 997 554 1044 ea
593 985 808 1067 tempestate
846 1017 891 1028 —
937 987 1099 1067 tempore
1136 978 1354 1066 Dagober'ti·

268 1120 405 1206 «regis
442 1160 486 1172 -
519 1120 659 1189 celebre
689 1120 781 1190 illud
809 1120 1010 1189 Lerinense
1043 1122 1256 1191 coenobium
1289 1123 1334 1191 Sti

268 1263 486 1331 «Honorati
524 1273 793 1354 nuncupatum,
829 1263 867 1331 in
901 1263 1024 1332 insula
1059 1265 1174 1333 moris
1203 1266 1333 1334 Gallici

268 1434 284 1472 «
307 1394 419 1496 prope
448 1405 666 1495 Antipolim,
702 1406 741 1475 in
772 1406 870 1496 quod
904 1405 1156 1476 adolescentes
1190 1409 1333 1477 nobiles
1521 1397 1522 1456 l

267 1577 283 1615 α
307 1559 484 1641 tanquam
518 1549 564 1617 ad
593 1531 873 1618 celeberrimum
906 1549 1092 1640 quoddam
1126 1550 1332 1620 litterarum

267 1718 283 1757 «
305 1701 340 1761 et
359 1691 505 1760 virtutis
530 1692 736 1781 emporium
764 1692 1039 1778 confugiebant,
1069 1701 1108 1761 ut
1135 1703 1227 1761 aetas
1248 1716 1332 1783 pue·

267 1861 283 1898 «
306 1834 386 1902 rilis
410 1834 456 1902 od
481 1834 653 1904 virtutem
678 1834 983 1924 honestatemque
1008 1835 1209 1917 informati,
1231 1837 1331 1905 brevi

266 2002 282 2040 «
304 1977 502 2045 virtutibus
526 1973 631 2064 dignl
657 1985 782 2046 essent
808 1975 1060 2046 adolescentes
1086 1978 1149 2068 qni
1164 1978 1331 2048 bonoris

266 2147 282 2185 «
304 2129 339 2191 et
357 2122 549 2210 dignitatis
578 2143 714 2190 nomen
742 2129 894 2211 possent
914 2122 1110 2190 sustinere.
1135 2149 1151 2186 »
1174 2125 1235 2212 (1).
1262 2124 1331 2192 Hic

263 2265 376 2352 igitur
410 2263 524 2334 babes
556 2265 797 2333 Lerinensem
832 2264 995 2332 insulam
1021 2265 1177 2353 septimo
1206 2264 1330 2334 seculo

262 2409 408 2476 virtutis
429 2407 708 2497 litterarumque
726 2406 948 2496 emporium,
977 2407 1076 2497 quod
1094 2408 1205 2495 vulgo
1225 2407 1331 2476 scho-

262 2550 349 2630 lam,
376 2550 421 2619 ad
443 2571 577 2640 pueros
602 2549 712 2618 bonis
739 2549 908 2618 moribus
935 2549 1223 2640 liberalibusque
1245 2551 1330 2620 arti-

261 2696 333 2764 bus
348 2693 619 2772 inlormandos,
642 2693 723 2761 sine
743 2692 956 2781 metaphora
977 2692 1148 2762 dicimus,

305 2841 420 2906 Porro
455 2837 552 2905 hanc
587 2835 755 2905 eamdem
792 2835 1062 2905 institutionem
1090 2837 1214 2906 seculo
1248 2860 1328 2928 pro-

259 2979 359 3049 xime
390 2987 566 3069 sequente
593 2978 714 3047 adbuc
745 2987 953 3047 exstantem
979 2979 1236 3070 rigantemque
1255 2981 1327 3049 alia

259 3121 469 3191 testimonia
490 3120 691 3188 declarant.
714 3120 851 3188 Primis
876 3121 975 3189 enim
995 3121 1112 3189 octavi
1133 3122 1247 3190 seculi
1263 3143 1327 3190 an-

259 3265 331 3345 nis,
354 3285 438 3332 cum
461 3261 615 3350 gallicas
642 3261 849 3331 Provinciae
874 3271 997 3352 partes
1024 3263 1120 3331 ferro
1140 3263 1326 3335 incendio-

257 3429 328 3498 que
348 3413 536 3474 vastarent
561 3405 728 3474 saraceni
756 3414 790 3472 et
816 3404 862 3472 ad
890 3413 1045 3474 mortem
1073 3406 1214 3474 fortiter
1241 3406 1326 3474 tole·

258 3549 414 3618 randam
435 3546 600 3617 insulani
613 3547 691 3637 jam
712 3569 794 3616 sese
814 3557 999 3637 pararent,
1022 3557 1221 3640 antequam
1243 3547 1325 3620 ulti·
1383 3545 1386 3552 ’

257 3713 317 3760 ma
339 3692 470 3760 fratres
497 3700 721 3782 paterentur,
753 3691 849 3759 inter
875 3712 938 3760 eos
963 3713 1179 3780 assurgens
1208 3697 1324 3766 abbas

256 3836 455 3905 Parcarius
471 3836 551 3904 haec
571 3857 699 3905 orasse
720 3836 835 3904 fertur
860 3859 867 3904 :
902 3862 918 3900 «
947 3839 1042 3905 Sunt
1066 3838 1161 3907 inter
1184 3863 1262 3922 ros,
1285 3851 1325 3911 ut

259 4004 275 4044 «
300 4001 375 4047 non
395 3979 588 4067 ignoratis
606 3979 793 4048 sexdecim
813 3980 915 4069 pueri
932 3988 966 4048 et
986 3981 1135 4067 triginta
1153 4005 1218 4052 sex
1238 3985 1323 4054 ado-

201 4124 208 4132 “
260 4146 276 4188 c
299 4121 490 4203 lescenteS,
512 4123 588 4213 qui,
618 4123 649 4191 si
674 4122 773 4191 ducti
798 4121 935 4191 fuerint
954 4145 974 4192 a
995 4125 1173 4214 profanis
1196 4126 1322 4195 dubito

292 4318 330 4394 (1)
346 4318 555 4392 Chronolopio
570 4318 677 4387 Leria,
696 4324 767 4375 tom.
786 4319 807 4384 l,
825 4337 853 4393 p.
869 4318 931 4375 321.
