3072 4956
734 498 934 565 -110-

298 728 472 800 sacraret,
495 720 761 790 «Theodorum
790 721 967 801 videlicet,
996 720 1154 790 secutori
1190 720 1306 791 simul
1336 732 1372 792 et

299 891 316 930 r
337 864 581 933 ecclesiastiea
604 864 834 954 philosophia
861 864 1059 953 praeditum
1085 865 1220 946 rirum,
1244 875 1280 934 et
1302 865 1372 936 hoc

299 1034 316 1072 «
338 1009 377 1076 in
408 1016 563 1099 utraque
592 987 741 1094 lingua,
762 1027 883 1094 graeca
915 1007 1054 1076 seilicet
1082 1015 1117 1076 et
1145 1008 1305 1077 latina...
1336 1017 1372 1078 et

194 1199 198 1206 .
300 1175 317 1214 «
337 1149 422 1240 quia
452 1148 698 1216 venerabilem
728 1149 964 1218 Benedictum
992 1149 1211 1238 sapientem,
1240 1149 1370 1220 indus-

300 1317 317 1356 «
339 1293 463 1371 trium,
496 1290 709 1378 religiosum
738 1312 781 1359 ac
809 1291 971 1360 nobilem
1002 1291 1123 1360 virum
1159 1293 1237 1361 fore
1261 1314 1370 1362 eons-

300 1434 448 1524 «pexit,
480 1433 566 1502 huic
598 1432 810 1500 ordinatum
839 1454 924 1501 cum
954 1432 1035 1501 suis
1066 1434 1243 1503 omnihus
1270 1457 1370 1504 com-

300 1607 317 1645 a
338 1577 524 1647 mendarit
559 1576 774 1666 episcopum
803 1601 819 1639 n
856 1561 917 1662 (i).
958 1577 1060 1655 Quos
1094 1577 1305 1646 studiorum
1336 1589 1370 1648 et

298 1721 511 1792 monasticae
530 1719 734 1808 discipline
758 1726 928 1787 auctores
954 1719 992 1787 in
1014 1719 1207 1788 Britannia
1228 1720 1369 1792 habeas

298 1868 393 1936 volo.

343 2005 410 2084 llli,
432 2011 577 2093 arrepto
602 2001 742 2080 itinere,
764 2001 856 2069 forte
880 2000 936 2070 ria
957 2001 1164 2083 Lerinensi,
1188 2024 1364 2093 peragra-

300 2157 407 2237 taque
444 2145 574 2225 Gallia,
619 2143 796 2212 Kantiam
839 2153 1033 2226 venerunt,
1081 2147 1369 2238 gratissimoque

299 2299 387 2358 sunt
406 2287 555 2378 accepti.
582 2313 598 2351 «
618 2285 835 2354 Theodorus
855 2286 980 2355 sedem
1008 2288 1243 2378 episcopatus
1261 2311 1368 2358 cons-

292 2409 317 2498 ἀ
338 2433 471 2512 cendit,
494 2431 713 2499 Benedictus
735 2431 897 2519 suscepit
917 2432 1187 2501 monasterium
1209 2434 1249 2501 B.
1269 2433 1367 2502 Petri

300 2575 493 2666 «apostoli
519 2575 564 2643 ad
586 2573 787 2660 regendum
810 2599 826 2637 »
858 2576 919 2662 (2).
954 2575 1024 2642 Sed
1050 2584 1246 2667 postquam
1275 2576 1368 2646 illud

299 2727 443 2789 rexerat
465 2719 612 2788 duobus
636 2716 760 2796 annis,
787 2716 942 2785 dimissa
970 2719 1188 2787 monasterii
1209 2721 1368 2789 Cantua-

298 2865 433 2933 rieusis
471 2863 698 2953 praefectura,
734 2863 892 2930 Romam
929 2862 1033 2930 tertio
1066 2863 1185 2933 rediit.
1223 2865 1367 2934 Interea

296 3007 524 3085 Theodorus,
561 3005 873 3094 Archiepiseopus
907 3007 1201 3086 Cantuariensis‚
1236 3011 1368 3079 Adria-

298 3172 455 3241 nusque,
496 3169 676 3217 romanus
718 3167 863 3234 genere,
904 3149 966 3239 qui
1007 3158 1089 3238 post
1126 3152 1366 3222 Benedictum

298 3293 524 3363 monasterio
571 3292 829 3360 Cantuariensi
882 3301 1048 3380 praeerat,
1102 3296 1187 3383 quia
1235 3295 1367 3365 litteris

299 3465 316 3502 «
338 3436 453 3505 sacris
473 3435 585 3503 simul
606 3444 640 3503 et
655 3434 885 3502 secularibus
902 3435 1134 3504 abundanter
1153 3438 1264 3506 ambo
1286 3461 1366 3508 eru-

299 3608 315 3644 «
337 3580 401 3650 diti
422 3587 539 3658 erant,
563 3586 755 3668 peragrata
778 3586 851 3646 tota
872 3577 1078 3659 Britannia,
1096 3591 1367 3668 congregantes

298 3752 314 3789 a
336 3722 603 3812 discipulorum
620 3732 816 3800 catervam,
831 3721 995 3789 scientiae
1012 3723 1187 3791 salutaris
1203 3726 1366 3814 quotidie

298 3894 314 3931 «
336 3866 490 3935 flumina
525 3865 725 3952 irrigandis
760 3885 887 3932 eorum
918 3865 1090 3934 cordibus
1124 3869 1363 3949 emanabant,

296 4037 313 4075 «
335 4011 382 4078 itu
406 4019 443 4077 ut
464 4009 574 4077 etiam
595 4008 758 4076 metricae
783 4008 886 4086 artis,
919 4009 1161 4078 astronomiae
1188 4019 1222 4078 et
1252 4011 1366 4080 arith-

329 4232 367 4301 (1)
383 4231 576 4287 Venerabilis
590 4229 684 4292 Beda,
702 4227 758 4284 loe.
774 4230 825 4284 rit.

330 4332 369 4402 (2)
387 4329 461 4384 lbid.
