3058 4960
734 527 912 596 ..14-

290 773 378 821 nam
398 751 576 822 laudaret.
607 751 839 821 paucissima
867 751 1015 844 quidem
1037 759 1126 821 sunl
1145 751 1225 843 ejus
1245 772 1354 842 opera

289 917 373 987 quae
398 903 557 976 exstant,
593 916 678 965 cum
712 895 783 986 ipsi
814 903 958 965 tantum
990 901 1033 964 de
1059 899 1143 966 Vita
1171 899 1356 966 Honorati

290 1059 514 1118 sermonem,
536 1038 767 1130 alterumque
787 1043 829 1107 de
848 1042 1021 1126 Lepionis
1038 1041 1207 1108 theboteoe
1223 1042 1355 1108 trium·

286 1186 369 1268 pto,
394 1185 619 1268 Carmenqne
645 1186 686 1249 in
710 1186 888 1260 Genesim,
921 1182 983 1253 vix
1012 1191 1160 1253 centurn
1187 1190 1221 1252 et
1249 1182 1354 1274 quin-

289 1326 466 1419 quaginta
509 1347 640 1396 versus
678 1326 938 1416 complectens
984 1327 1145 1397 tribuere
1190 1328 1246 1396 fas
1293 1327 1352 1396 sit.

288 1473 462 1540 Attamen
482 1471 572 1540 citra
592 1470 746 1541 dubium
767 1479 834 1551 est,
857 1470 1153 1562 testimoniisque
1177 1491 1253 1539 non
1273 1471 1355 1540 obs-

290 1616 390 1685 curis
410 1624 564 1696 certum,
586 1615 635 1684 ita
657 1616 772 1685 multa
793 1615 910 1686 fuisse
929 1597 1061 1686 Hilarii
1083 1636 1192 1706 opera
1214 1624 1255 1685 ut
1275 1615 1355 1684 nul-

290 1758 367 1826 lum
384 1766 472 1826 tunc
488 1757 663 1847 temporis
678 1728 718 1825 in
734 1779 806 1827 usu
820 1758 1025 1828 litterarum
1040 1779 1160 1847 genus
1175 1759 1355 1827 intactum

290 1901 462 1993 liquerit:
483 1901 659 1971 ¹homilias
681 1923 813 1993 nempe
840 1929 857 1968 a
878 1903 917 1971 in
939 1903 1052 1972 totius
1072 1903 1161 1972 anni
1182 1903 1355 1972 festivita-

290 2045 388 2115 tibus
408 2044 597 2135 expeditas
619 2071 649 2126 »,
673 2067 803 2115 versus
823 2047 934 2116 etiam
963 2073 980 2112 «
1002 2047 1115 2115 fontis
1135 2046 1300 2116 ardentis
1321 2072 1353 2126 »‚

290 2190 464 2280 epistolas
499 2189 645 2258 tande-m
680 2211 840 2280 quarum
873 2210 1035 2277 magnus
1070 2215 1086 2254 n
1117 2197 1195 2259 erat
1229 2209 1355 2258 nume·

292 2355 394 2402 rus»
418 2335 478 2421 (1).
506 2334 579 2402 Eas
599 2340 864 2401 commemorat
883 2331 1090 2401 Eucherius
1112 2332 1165 2400 sic
1189 2332 1235 2401 ad
1255 2331 1355 2400 Hila-

290 2476 387 2545 rium
412 2476 580 2545 scribens
609 2498 616 2544 :
654 2501 670 2540 a
701 2475 808 2544 Dictu
837 2475 986 2543 difficile
1013 2484 1080 2556 est,
1106 2475 1235 2567 quanti
1263 2474 1355 2543 mihi

292 2615 434 2708 «pretii
462 2617 598 2687 fuerint
627 2616 757 2686 litterae
791 2616 998 2686 sanctitatis
1032 2625 1119 2698 tuae,
1155 2617 1355 2709 inquibus

290 2787 306 2825 a
328 2761 377 2829 ita
411 2781 626 2850 expressam
660 2760 871 2830 facundiam
902 2761 1097 2848 recognovi
1127 2760 1223 2831 sicut
1252 2769 1356 2829 tenes

291 2929 307 2968 «
329 2903 368 2972 in
394 2903 478 2972 aliis
498 2904 689 2973 modestiae
718 2925 939 2995 morumque
972 2904 1145 2993 operibus
1174 2903 1355 2994 principa-

291 3074 307 3112 «
330 3056 446 3117 tum»
469 3050 530 3137 (2).
556 3050 631 3117 Nec
650 3048 850 3118 omittenda
881 3069 966 3140 quae
986 3048 1180 3117 annalium
1208 3047 1249 3116 in
1279 3068 1355 3116 mo-

288 3191 378 3260 dum
416 3191 460 3260 de
498 3192 608 3262 rebus
646 3213 715 3261 suo
753 3201 917 3282 tempore
953 3192 1069 3279 gestis
1107 3192 1305 3282 scripserat
1345 3214 1353 3260 :

291 3361 307 3399 «
329 3343 466 3426 quanta
488 3335 525 3402 in
546 3334 615 3404 hac
636 3356 748 3404 causa
769 3334 999 3416 dictitaverit,
1022 3335 1109 3406 huic
1128 3336 1229 3426 operi
1253 3335 1354 3404 nulla

291 3500 483 3568 «possum
512 3478 653 3547 ratione
681 3486 898 3547 connectere
927 3505 944 3544 »
978 3481 1038 3567 (3).
1072 3479 1163 3548 Haec
1195 3478 1353 3569 aliaque,

289 3643 374 3712 quae
400 3622 444 3691 de
471 3621 613 3689 Hilario
641 3620 850 3702 traduntur,
879 3621 971 3690 satis
1000 3621 1189 3691 declarant
1215 3630 1355 3712 quanta

290 3763 399 3832 luerit
425 3764 505 3852 ejus
529 3763 718 3850 diligentia
750 3763 892 3834 sivein
920 3764 1062 3851 agendo
1090 3765 1166 3834 sive
1197 3765 1236 3834 in
1267 3764 1356 3834 scri·

325 4060 364 4129 (1)
396 4058 475 4114 Vilu'
497 4058 536 4113 Su·
565 4057 689 4114 Hilarii
722 4060 842 4114 Arelnt.
880 4059 928 4114 ab.
960 4060 1117 4116 Honorato
1152 4060 1354 4118 Massiliensi.

288 4159 367 4214 Actu
382 4160 446 4223 SS„
464 4161 536 4214 tom.
554 4157 591 4222 ll,
606 4157 690 4224 Mali,
707 4175 735 4229 p.
753 4157 796 4210 27.
812 4156 925 4213 Putrol.
944 4157 1007 4227 lat,
1024 4163 1044 4213 l.
1062 4159 1095 4223 L,
1112 4158 1170 4215 col.
1188 4158 1267 4214 1232.

325 4256 365 4324 (2)
381 4254 507 4312 Ibidem.
524 4253 637 4310 Patrol.
659 4254 721 4322 lat,
741 4261 758 4309 l.
777 4256 809 4324 L,
827 4254 884 4310 col.
901 4255 981 4312 1232.

325 4353 364 4424 (3)
383 4352 508 4409 Ibidem.
525 4352 639 4410 Patrol.
657 4353 720 4418 lat,
737 4359 756 4408 l.
775 4354 807 4423 L,
824 4354 881 4410 col.
899 4353 978 4411 1233.
