3058 4960
511 908 761 1030 'cnrur
801 942 1076 1030 reruuu

764 1219 870 1229 .----0

285 1467 464 1531 QUOSNAM
488 1466 778 1519 ADOLESCENTES
805 1465 1023 1517 PRAECIPUOS
1049 1465 1095 1516 ET
1121 1465 1195 1526 QUA
1220 1466 1352 1519 MENTE

464 1593 609 1646 SGHOLA
635 1591 861 1645 LERINENSIS
889 1590 1174 1642 INFORMAVERIT

330 1845 501 1914 Solemne
515 1854 571 1914 est
586 1845 681 1913 inter
695 1843 879 1924 hemines
891 1844 1088 1934 cujuslibet
1103 1843 1351 1913 institutionis

286 1989 552 2068 excellentiam,
577 2010 651 2056 non
674 1996 818 2056 tantum
845 2009 890 2056 ex
909 2009 1037 2056 eorum
1058 1987 1207 2076 ingenie
1227 1988 1290 2079 qui
1312 1988 1351 2056 in

286 2133 577 2240 eaflinstituenda
602 2131 897 2212 allaboraverint,
925 2132 1119 2212 aestimare,
1148 2133 1213 2200 sed
1239 2132 1351 2200 etiam

286 2299 331 2346 ex
351 2276 528 2364 dignitate
553 2275 826 2366 eminentiaque
852 2297 979 2344 eorum
1002 2276 1139 2366 quihus
1165 2297 1206 2344 ea
1228 2284 1352 2344 ertum

287 2419 396 2489 dedit.
419 2418 606 2506 Contingit
626 2419 725 2487 enim
750 2427 790 2487 ut
813 2439 833 2486 a
855 2418 1044 2505 magistris
1064 2418 1273 2488 illustribus
1297 2419 1352 2486 in-

266 2541 431 2633 terdum
463 2562 684 2630 illustriores
710 2561 881 2652 discipuli
915 2570 1085 2630 creentur
1113 2585 1121 2630 ;
1148 2563 1247 2653 (pund
1274 2564 1353 2654 qui-

287 2706 369 2774 dem
390 2705 434 2776 de
453 2703 719 2773 Lerinensihus
735 2713 813 2772 turn
829 2702 1030 2790 magistris
1049 2711 1127 2772 tum
1145 2705 1351 2795 discipulis,

287 2868 463 2939 provere
490 2869 565 2915 non
591 2856 646 2946 est
672 2846 897 2916 habendum.
926 2847 974 2914 Hi
999 2869 1130 2916 omnes
1155 2831 1218 2938 qui
1245 2849 1283 2916 in
1311 2872 1352 2920 ea

288 3003 376 3062 tunc
394 2992 630 3062 celeberrima
658 2990 784 3060 sclicla
813 2991 989 3086 humanis
1016 2991 1354 3086 divinisquedisci-

288 3136 400 3226 plinis
421 3136 609 3204 informati
630 3144 730 3214 sunt,
749 3155 823 3201 nen
845 3153 925 3201 eam
941 3134 1060 3222 adepti
1077 3143 1166 3203 sunt
1180 3136 1352 3222 gloriam,

288 3301 369 3370 qum
390 3287 465 3348 tam
485 3279 556 3347 alte
576 3278 728 3346 nemina
749 3298 877 3345 eorum
898 3277 1068 3356 evexerit,
1095 3287 1135 3346 ut
1155 3279 1257 3368 ipses
1278 3301 1355 3351 ma-

288 3424 416 3511 gistris
443 3423 652 3515 rcquaverit.
681 3424 866 3501 Attamen,
896 3442 980 3490 cum
1011 3443 1086 3489 non
1114 3423 1215 3490 omni
1247 3424 1356 3494 laude

289 3591 356 3637 sua
385 3576 489 3637 astate
516 3566 714 3646 caruerint,
750 3586 952 3654 carumque
980 3564 1131 3632 nemina
1158 3566 1202 3634 de
1227 3567 1355 3638 schcla

288 3711 481 3781 Lerinensi
505 3711 626 3780 libelle
651 3710 780 3779 intime
807 3708 1024 3787 inhaereant,
1052 3729 1134 3797 qum
1162 3708 1271 3778 fuerit
1298 3731 1356 3777 ee-

289 3877 372 3924 rum
399 3857 559 3934 fortuna,
590 3853 649 3921 hic
675 3852 803 3942 paucis
830 3849 999 3939 amplecti
1025 3851 1231 3919 absurdum
1258 3819 1356 3922 vela

289 3998 476 4090 proposito
496 3998 660 4066 alienum
681 4016 756 4064 ncn
777 3993 969 4062 videbitur.
1344 3971 1346 3978 ’

331 4144 427 4211 Ante
447 4161 578 4209 omnes
598 4136 734 4206 citandi
756 4143 855 4216 sunt,
879 4144 956 4203 tum
973 4135 1149 4216 neminis,
1168 4144 1246 4205 tum
1268 4146 1357 4206 tem-

288 4287 389 4383 poris
420 4306 545 4366 causa,
575 4281 746 4356 Eucherii
775 4279 1038 4368 Lugdunensis
1066 4279 1143 4364 filii,
1179 4281 1357 4355 Salonius
