3072 4956
751 473 928 540 -86-

307 691 431 761 ferunt
461 703 602 776 natum,
631 699 716 764 'cum
743 697 927 766 decimum
960 705 1130 766 octavum
1158 696 1274 765 aetatis
1294 719 1372 766 suae

306 857 449 907 annum
469 849 604 926 ageret,
626 813 828 908 Lerinense
848 839 1117 910 monasterium
1134 841 1202 909 tiro
1218 850 1371 909 sanctus

304 982 465 1070 expetiit.
504 985 622 1052 Tanto
661 985 783 1053 studio
818 985 1039 1054 monasticae
1083 986 1166 1055 vitae
1202 985 1370 1054 instituta

261 1153 263 1160 ·
304 1123 447 1205 iniisse,
478 1123 578 1194 ta'nta
613 1127 802 1196 alacritate
836 1128 873 1195 in
901 1127 1148 1216 suscipiendis
1182 1127 1371 1196 laboribus

304 1267 420 1336 fuisse
450 1268 595 1350 dicitur,
632 1280 672 1339 ut
698 1270 890 1339 biennium
919 1280 1001 1359 post
1029 1269 1208 1359 elapsum,
1245 1269 1370 1338 fractis

207 1399 209 1403 ⁸
303 1411 458 1492 viribus,
478 1412 630 1503 jamque
656 1414 939 1500 elanguescente
965 1435 1129 1502 corpore,
1158 1413 1367 1493 porcarius,

304 1555 367 1644 qui
400 1564 476 1624 tum
510 1556 679 1624 cranobio
714 1565 879 1645 praeerat,
915 1555 1118 1626 Caesarium
1148 1556 1369 1624 valetudinis

222 1713 225 1718 ·
304 1697 541 1766 restituendae
565 1720 690 1780 causa,
706 1699 754 1788 in
776 1699 957 1768 civitatem
978 1699 1231 1767 Arelatensem
1252 1699 1368 1766 mitte-

303 1848 367 1907 ret.
390 1841 505 1907 Porro
526 1861 567 1908 eo
593 1850 755 1930 tempore
782 1841 878 1909 inter
902 1841 1111 1932 reipublicae
1140 1839 1368 1908 scholarum-

301 2005 372 2073 que
390 1984 623 2088 Gallicarum
639 1984 779 2065 ruinas,
802 1984 1063 2053 celeberrimus
1088 1985 1212 2053 rhetor
1240 1984 1367 2052 africa-

300 2147 430 2205 canus,
477 2126 671 2195 Pomerius
712 2126 874 2206 nomine,
920 2126 1066 2202 Arelate
1106 2127 1269 2205 docebat,
1309 2123 1366 2194 oui

254 2271 259 2282 '
300 2269 496 2351 Caesarius
519 2280 559 2338 nt
577 2270 697 2338 studia
718 2269 815 2358 apud
836 2269 1057 2338 Lerinenses
1072 2278 1189 2358 coepta
1210 2268 1366 2358 comple-

302 2424 366 2494 ret,
400 2395 442 2482 se
459 2414 666 2482 docendum
690 2413 850 2481 tradidit.
874 2414 954 2480 lam
976 2413 1014 2480 in
1037 2413 1200 2481 insulam
1228 2433 1365 2500 regres-

300 2580 413 2627 surus
444 2559 512 2626 iter
548 2558 712 2648 parabat,
753 2578 837 2625 cum
871 2558 917 2625 ab
955 2557 1126 2648 episcopo
1158 2555 1362 2625 Arelatensi

300 2701 503 2770 sacerdotio
542 2702 703 2791 primum
738 2701 917 2782 initiatus,
958 2701 1183 2770 monasterio
1219 2700 1363 2770 cuidam

301 2871 316 2910 ιι
346 2845 385 2912 in
415 2846 629 2914 suburbana
669 2845 826 2913 civitatis
860 2845 982 2914 insula
1016 2871 1031 2909 ι
1068 2847 1115 2933 (1)
1155 2843 1362 2934 praeficitur,

298 3012 471 3080 annoque
490 2991 536 3058 Dl
556 2991 594 3058 in
610 2990 737 3059 eadem
757 2991 901 3060 civitate
918 2991 1113 3080 episcopus
1133 2989 1293 3076 eligitur.

342 3137 425 3201 Non
456 3142 627 3201 nostrum
657 3142 712 3201 est
741 3132 953 3201 minutatim
985 3131 1118 3200 referre
1144 3153 1238 3222 <ruas
1269 3132 1364 3199 vices

202 3247 208 3259 ⁴
298 3268 481 3337 Caesarius
501 3266 742 3348 Arelatensis,
771 3267 833 3357 qui
857 3267 1019 3356 primum
1044 3267 1141 3356 apud
1160 3266 1361 3344 Alaricum,

297 3425 317 3472 a
338 3425 411 3494 quo
427 3402 666 3490 Burdigalam
687 3403 725 3468 in
742 3402 914 3470 exsilium
931 3402 1071 3470 missus
1088 3401 1217 3480 fuerat,
1234 3400 1364 3469 deinde

297 3537 393 3626 apud
426 3536 694 3604 Theodericum
739 3535 832 3604 falso
872 3535 1027 3604 crimine
1062 3543 1259 3603 accusatus
1297 3543 1362 3614 est,

297 3671 437 3740 fortiter
457 3671 599 3740 obierit.
628 3673 702 3738 Nec
725 3670 845 3756 magis
866 3671 983 3760 placet
1014 3691 1166 3737 narrare
1192 3691 1265 3760 qua
1293 3670 1363 3738 ala-

293 3807 424 3876 critate
445 3807 561 3876 labori
582 3805 771 3884 assiduus
790 3804 960 3894 pluribus
979 3804 1165 3894 praefuerit
1184 3805 1360 3884 conciliis

295 3963 508 4031 munusque
539 3962 650 4008 suum
684 3960 749 4028 per
781 3938 1026 4028 quadraginta
1058 3960 1179 4007 annos
1211 3939 1362 4008 omnino

295 4076 559 4166 adimpleverit.
600 4078 692 4143 Rem
726 4082 893 4142 nostram
932 4073 977 4141 ad
1012 4074 1151 4142 litteras
1184 4074 1361 4162 pertinere

329 4298 369 4370 (l)
385 4298 593 4368 Chronoloyia
609 4297 729 4365 Lario„
744 4304 766 4354 t.
782 4298 803 4362 l,
818 4317 847 4380 p.
863 4297 926 4356 246.
