3072 4956
612 494 791 562 ...71-.

166 721 257 791 tisse
276 721 425 812 quidem
442 719 624 799 videntur,
646 717 800 787 omnino
821 716 911 786 eitra
933 714 1042 784 fidem
1063 737 1073 782 t
1096 712 1234 782 Salvia·

170 865 208 934 ni
229 886 315 935 vero
340 872 374 934 et
394 863 521 933 Fausti
549 861 719 953 quaedam
742 868 956 951 supersunt,
984 858 1120 949 quibus
1153 855 1235 948 inji-

167 1009 264 1078 citur
283 1008 422 1098 opinio,
444 1028 507 1078 eos
528 1006 683 1075 libenter
703 1004 833 1073 litteris
854 1024 944 1071 usos
964 1002 1092 1070 luisse.
1115 1001 1236 1081 Quan-

168 1162 248 1222 tum
287 1149 445 1243 potuerit
483 1151 574 1220 illud
611 1147 874 1218 commercium
913 1147 959 1216 ad
997 1145 1236 1214 Lei-‚inensem

168 1295 425 1365 auctoritatem
463 1294 757 1375 diffundendam,
804 1293 896 1362 satis
928 1293 967 1360 in
1003 1300 1128 1381 aperto
1166 1300 1234 1360 est.

169 1439 274 1520 Quod
295 1439 326 1508 si
353 1438 518 1528 quidam,
545 1439 711 1509 abdicata
732 1437 938 1506 monastiea
958 1436 1044 1516 vito,
1072 1411 1236 1504 insulam

168 1583 425 1663 deseruerunt,
458 1590 497 1651 ut
530 1582 788 1672 episcoporum
818 1590 941 1671 portes
974 1587 1137 1668 agerent,
1168 1601 1238 1649 suo

169 1729 249 1796 loco
287 1747 383 1816 saepe
420 1725 623 1816 discipulos
661 1726 834 1794 Lerinam
872 1725 1068 1806 miserunt,
1111 1734 1151 1795 ut
1193 1724 1239 1793 de

170 1870 346 1939 Salviano
379 1878 608 1959 compertum
642 1878 709 1939 est.
740 1869 809 1936 His
839 1877 1023 1937 eteorum
1053 1869 1239 1938 similibus

173 2014 222 2082 ita
237 2013 447 2083 extenditur
467 2012 911 2093 LerinensisauctoritaS,
929 2021 969 2081 ut
989 2021 1093 2082 sexto
1113 2011 1238 2080 seculo

172 2155 381 2226 monachos
402 2155 597 2246 alloquens
618 2155 802 2224 Cmsarius
821 2155 1051 2226 Arelatensis
1067 2155 1121 2224 sio
1136 2164 1238 2224 oret:

175 2326 191 2364 a
212 2300 269 2370 Ab
285 2299 435 2370 Oriente
456 2321 574 2390 usque
594 2301 640 2368 ad
656 2300 889 2370 Occidentem
906 2308 940 2368 et
955 2299 1131 2369 omnibus
1148 2320 1240 2389 pene

177 2471 193 2508 a
217 2443 309 2512 loeis
329 2444 367 2511 in
388 2443 525 2534 quihus
545 2443 760 2512 christiania
782 2443 909 2531 religio
933 2443 1078 2524 colitur,
1100 2443 1260 2530 religio'

176 2614 191 2652 a
215 2587 366 2656 sissima
404 2596 524 2656 restra
563 2587 794 2657 conversatio
828 2587 873 2656 ad
912 2587 1049 2656 Christi
1082 2586 1240 2675 gloriam

176 2757 192 2796 «
215 2731 447 2822 praedicatur,
481 2730 565 2820 jure
595 2752 615 2799 a
650 2731 754 2800 vobis
788 2731 959 2818 exigitur,
991 2741 1031 2800 ut
1067 2731 1165 2822 quod
1198 2730 1243 2799 de

177 2898 192 2938 a
213 2874 319 2943 robis
339 2873 511 2953 ereditur,
534 2873 603 2941 hoo
623 2873 797 2963 probetur
818 2901 834 2938 »
857 2877 869 2963 (
893 2877 918 2962 ).

219 3018 286 3086 Sin
321 3015 367 3085 od
396 3024 538 3086 aetatem
571 3037 643 3106 qua
678 3025 907 3085 exstructum
941 3017 1010 3085 fuit
1040 3009 1242 3085 Lorinense

175 3160 445 3230 monasterium
475 3159 647 3237 attendis,
680 3159 816 3250 justior
841 3160 904 3231 tibi
934 3161 1095 3230 occurrit
1114 3181 1243 3241 eausa,

174 3325 241 3373 eur
260 3303 387 3372 statim
407 3325 427 3370 a
448 3302 641 3392 principio,
664 3323 758 3383 eam,
780 3325 861 3394 quae
883 3325 947 3394 per
976 3304 1130 3391 longum
1157 3312 1244 3374 tem-

175 3468 246 3537 pus
266 3446 524 3535 perseveravit,
554 3445 741 3515 fortunam
768 3457 980 3516 assecutum
1007 3447 1127 3516 luerit.
1155 3449 1244 3516 Haeo

175 3600 231 3660 est
255 3589 355 3660 enim
380 3599 469 3659 aetas
498 3611 581 3680 quae
614 3598 687 3658 toto
717 3610 786 3658 suo
812 3589 970 3658 decursu
1006 3565 1244 3659 turbulentis-

175 3734 269 3802 sima
292 3754 484 3802 armorum
505 3733 630 3802 sonitu
657 3740 691 3801 et
707 3731 812 3800 hellis
832 3733 967 3820 agitata
989 3733 1069 3801 fuit.
1096 3733 1192 3813 Quot
1211 3743 1246 3803 et

175 3887 315 3967 quantu
336 3843 467 3945 funera
488 3877 526 3944 in
554 3875 711 3945 Galliam
737 3876 914 3957 intulerit,
944 3876 1095 3946 ineunte
1121 3877 1245 3946 seculo

175 4019 306 4109 quinto
344 4019 552 4088 Alanorum
580 4018 906 4111 Vandaloramque
934 4020 1097 4110 irrepti0,
1133 4029 1246 4090 testes

177 4171 264 4230 sunt
285 4161 488 4241 Orientius,
510 4161 691 4230 Paulinus
709 4163 879 4243 Pellaeus,
903 4165 1062 4252 Prosper
1080 4164 1187 4253 Tyro,
1211 4172 1246 4232 et

212 4375 251 4450 (l)
267 4376 392 4433 Humili
408 4378 471 4430 XX
485 4380 527 4432 od
543 4378 725 4434 ittonoehos.
