3072 4956
713 501 914 570 „100-

277 725 505 793 Turonensis
527 725 734 814 episcopua,
766 725 862 793 serio
890 727 1050 816 quidem,
1084 713 1234 797 re‘satis‘
1260 709 1371 796 eon-¹
1438 793 1440 797 .

280 868 446 937 veniente
466 869 672 948 sententiae,
696 869 780 938 talia
798 869 970 939 fatebitur
992 894 998 938 :
1019 871 1176 940 «Timeo
1197 893 1243 940 ne
1260 894 1345 944 eum

280 1037 296 1076 a
318 1010 477 1078 seribere
510 1031 667 1100 (impero,
700 1011 785 1101 quia
816 1033 900 1082 sum
935 1012 1016 1081 sine
1042 1012 1174 1081 titteris
1204 1022 1238 1082 et
1269 1023 1347 1082 arte

280 1180 296 1218 «
318 1154 573 1240 grammatica,
595 1155 811 1246 dicaturque
835 1156 926 1224 mihi
947 1179 966 1224 a
989 1157 1162 1238 litteratis
1178 1157 1314 1248 aliquis
1337 1183 1344 1228 :

280 1322 296 1360 a
319 1318 366 1364 an
387 1305 424 1365 tu
447 1297 582 1366 rustioe
602 1306 636 1365 ot
656 1297 781 1377 idiota,
804 1299 951 1389 utquid
973 1321 1108 1367 nomen
1131 1309 1234 1368 tuum
1252 1301 1348 1370 inter

280 1466 297 1503 a
318 1441 517 1530 scriptores
544 1440 621 1509 indi
643 1441 834 1510 aestimas?
864 1451 927 1510 aut
955 1464 1049 1532 opus
1076 1443 1146 1511 hoe
1174 1466 1193 1512 a
1220 1445 1347 1534 peritis

280 1610 295 1647 a
318 1584 431 1674 accipi
460 1593 580 1674 putee,
608 1587 666 1654 eui
688 1587 880 1674 ingenium
906 1588 997 1656 artis
1019 1610 1094 1656 non
1124 1590 1345 1679 suppeditat,

279 1754 296 1791 «
319 1749 385 1796 nee
418 1728 492 1796 ulla
525 1728 730 1798 litterarum
762 1731 914 1799 seientia
949 1732 1210 1801 subministrat
1231 1759 1247 1797 a
1281 1734 1343 1822 (1).

276 1873 360 1942 Alio
401 1873 510 1941 etiam
549 1873 629 1942 loeo
668 1874 763 1943 idem
798 1874 872 1943 fere
904 1875 1345 1965 exprimit'Gregorius:

280 2042 295 2080 a
317 2018 369 2083 De
407 2015 515 2105 eujus
548 2017 620 2085 vita
659 2017 783 2108 aliqua
822 2009 1041 2107 scripturus,
1082 2019 1226 2087 veniam
1266 2029 1347 2109 peto

279 2185 295 2223 «
319 2158 538 2245 legentibus.
566 2163 649 2228 Non
675 2160 774 2228 enim
796 2181 854 2229 me
882 2161 973 2229 artis
997 2163 1252 2248 grammatieae
1273 2173 1346 2232 stu·

282 2328 297 2366 «
319 2302 427 2394 diurn
449 2303 593 2383 imbuit,
618 2326 737 2396 neque
761 2313 954 2374 auctorum
983 2306 1206 2375 secularium
1235 2307 1346 2397 polita

279 2470 295 2507 «
318 2444 423 2512 lectio
460 2446 629 2526 erudivit,
670 2447 733 2515 sed
773 2454 917 2515 tantum
951 2439 1064 2516 beati
1086 2449 1344 2538 patrisAriti‚

279 2589 470 2656 «Arverni
494 2590 691 2678 pontificis,
715 2590 880 2660 studium
907 2593 952 2661 ad
973 2594 1218 2662 ecclesiastiea
1248 2595 1347 2662 soili-

279 2757 295 2794 u
318 2731 442 2800 eitavit
461 2733 597 2823 scripta
620 2760 636 2799 »
655 2735 716 2822 (2).
737 2735 911 2804 Attamen
941 2737 1039 2826 apud
1059 2738 1222 2805 eruditos
1241 2760 1347 2807 eons-

278 2886 329 2947 tat
354 2900 395 2946 ea
422 2878 578 2948 nimium
609 2881 774 2981 modeste
802 2903 822 2949 a
852 2881 1029 2968 Gregorio
1058 2881 1167 2962 dieta,
1198 2904 1284 2951 eum
1314 2891 1348 2953 et

277 3021 356 3110 ipse
388 3021 574 3089 interdum
610 3042 655 3088 ex
693 3047 709 3086 a
738 3033 930 3092 auotorum
961 3024 1185 3093 secularium
1215 3026 1345 3114 prolita

278 3190 294 3228 «
320 3163 506 3232 lectione»
547 3163 585 3230 in
622 3185 712 3232 suos
749 3165 863 3234 libros
899 3166 1004 3255 plura
1037 3168 1253 3236 derivaverit
1286 3171 1332 3256 (3)

278 3310 398 3387 Quam
430 3328 515 3374 vero
545 3307 650 3375 multi
680 3309 743 3398 qui
777 3310 822 3377 ab
856 3309 902 3377 iis
937 3311 1010 3379 fere
1044 3313 1197 3380 omnino
1236 3313 1347 3382 absti-

280 3458 460 3536 nuerunt!

321 3596 418 3664 Huie
449 3595 656 3686 disciplinae
686 3606 812 3666 eontra
845 3597 898 3665 ire
927 3599 1012 3667 totis
1045 3599 1186 3672 viribus
1218 3601 1349 3670 nititur

313 3815 349 3884 (1)
367 3815 522 3888 Praefatio
538 3838 546 3871 .·
565 3819 603 3872 De
617 3816 723 3887 aleria
738 3822 970 3891 confessorum.

313 3924 350 3994 (2)
368 3923 496 3993 Gregor.
513 3923 585 3978 Tur.
603 3941 608 3979 :
629 3925 704 3980 ritu>
719 3927 869 3993 Petrum,¹
886 3926 937 3981 lib.
956 3928 978 3992 l,
994 3929 1022 3981 in
1040 3929 1168 4002 prologo
1185 3929 1222 3984 de
1238 3935 1347 3986 satiato

276 4011 382 4068 Midio.

314 4119 354 4191 (3)
385 4121 484 4175 Kurth
512 4138 517 4176 :
543 4122 638 4178 Suint
661 4123 812 4192 Greyoire
834 4128 872 4180 de
898 4127 996 4182 Tours
1019 4132 1048 4182 et
1068 4131 1110 4182 les
1133 4127 1241 4206 e'trtctos
1265 4133 1343 4185 olas-

274 4219 380 4289 siques
396 4237 440 4275 ou
462 4223 531 4274 Vlmt
551 4221 661 4288 sie‘elm
678 4224 782 4283 Revue
802 4227 855 4284 ries
872 4224 1034 4300 questions
1051 4224 1255 4299 historiques,
1270 4227 1344 4283 113me

277 4321 386 4385 annea,
405 4323 424 4373 t.
441 4318 555 4387 XXIV,
572 4337 600 4393 p.
617 4320 678 4375 588.
