3058 4960
733 477 911 548 ..54-

289 703 360 772 tias
380 703 586 772 seeundum
606 724 700 793 quas
719 703 775 771 rel
795 703 957 771 maxime
983 701 1022 768 in
1048 700 1266 788 allegoriam
1288 709 1363 769 tra·
1454 733 1457 741 ·
1512 729 1513 736 ¹

288 847 431 916 huntur
447 875 464 911 a
486 850 534 935 (1)
564 847 613 916 ita
641 846 810 936 explicat,
838 855 880 915 ut
904 846 1199 936 unumquodque
1221 866 1363 914 nomen

288 991 367 1072 sive
387 1012 516 1060 eorum
536 1012 622 1081 quae
641 991 681 1058 in
700 991 817 1070 cocliS,
843 991 920 1059 sive
940 1011 1069 1058 eorum
1089 1011 1176 1080 quae
1200 989 1240 1057 in
1262 999 1361 1060 terra

289 1142 391 1213 sunt,
416 1134 654 1220 allegoricum
679 1155 833 1202 sensum
853 1155 932 1222 prae
951 1155 991 1202 se
1011 1134 1104 1202 ferat
1126 1156 1134 1201 :
1159 1159 1175 1198 a
1198 1133 1361 1202 Brachia

291 1302 307 1340 «
329 1277 394 1344 Dei
414 1277 536 1344 Patris
556 1277 673 1344 Filius
692 1277 773 1366 ejus
801 1285 835 1344 et
859 1276 1020 1366 Spiritus
1044 1278 1206 1345 Sanctus
1227 1276 1363 1365 accipi·

290 1449 306 1487 «
331 1431 390 1490 tur
394 1477 461 1491 .....
482 1423 620 1489 Manus
641 1421 706 1488 Dei
726 1418 848 1504 Patris
867 1419 984 1487 Filius
1003 1420 1085 1509 ejus
1104 1420 1287 1509 accipitur
1292 1475 1360 1490 .....

290 1592 306 1629 «
328 1565 463 1652 Digitis
484 1565 548 1633 Dei
571 1563 762 1654 pluraliter
782 1562 900 1630 sancti
922 1561 1183 1649 intelliguntur
1202 1563 1362 1654 prophe-

290 1736 307 1773 «
330 1718 377 1777 tae
382 1763 448 1776 .....
478 1707 638 1776 Pallium
659 1705 796 1776 Christi
817 1706 894 1794 jam
915 1705 1010 1774 dicta
1041 1707 1205 1776 Ecclesia
1227 1707 1362 1777 intelli-

291 1879 307 1917 «
329 1853 430 1940 gitur
445 1879 462 1916 »
480 1854 541 1939 (2).

334 1995 372 2063 ld
393 1995 503 2063 etiam
523 1993 621 2085 quod
646 1993 722 2079 agit
740 2001 804 2061 aut
823 2012 932 2079 agere
950 1992 1085 2061 dicitur
1104 1995 1205 2062 Deus
1224 1993 1362 2081 allego·

290 2139 404 2206 ricam
425 2136 707 2224 intelligentiam
727 2135 891 2224 praebet:
915 2162 931 2200 a
953 2136 1085 2204 Sedere
1105 2135 1240 2205 dicitur
1259 2139 1362 2206 Deus

293 2307 309 2344 «
331 2302 444 2370 super
466 2279 667 2358 Cherubin,
689 2278 752 2369 qui
773 2278 1035 2367 interpretatur
1065 2278 1266 2347 multitudo
1294 2301 1360 2349 seu

293 2448 309 2487 «
332 2422 521 2512 plenitudo
541 2420 764 2490 scientiae...
782 2421 886 2488 Stare
905 2419 1039 2489 dicitnr
1058 2421 1159 2489 Deus
1179 2441 1267 2490 cum
1290 2443 1361 2489 nos

292 2594 308 2632 α
330 2567 500 2634 infirmos
521 2565 700 2655 patienter
726 2563 885 2631 sustinet
890 2617 956 2631 .....
987 2563 1191 2632 Ambulare
1216 2564 1284 2633 Dei
1306 2573 1363 2634 est

293 2736 309 2775 «
332 2710 370 2778 in
391 2709 531 2778 sanctis
555 2706 860 2797 praedicatoribus
886 2705 967 2774 suis
991 2705 1035 2774 de
1061 2705 1141 2774 loco
1168 2707 1214 2775 ad
1236 2707 1361 2779 locum

291 2885 308 2922 «
331 2856 491 2927 il'tlnSire
512 2881 528 2918 n
551 2855 612 2941 (3).

334 2997 443 3066 Hand
464 2996 535 3064 alia
557 2994 699 3063 ratione
721 3011 994 3084 quamcumque
1016 3013 1141 3062 rocem
1163 2993 1362 3082 allegorice

290 3145 553 3232 interpretatus
585 3147 641 3208 est
673 3137 880 3206 Eucherius
911 3160 919 3204 :
952 3162 968 3200 «
997 3137 1185 3207 Mensium
1207 3141 1361 3210 nomine

291 3315 308 3352 a
329 3285 392 3378 qni
426 3284 558 3354 diebus
590 3281 849 3351 coadunantur
881 3279 1116 3349 collectiones
1144 3282 1360 3353 animarum

291 3448 308 3486 a
328 3419 574 3506 designantur
578 3471 644 3486 .....
665 3417 823 3494 Montes
845 3413 1040 3494 Dominus
1058 3416 1235 3497 Ecclesia,
1253 3439 1361 3508 apos-

292 3591 308 3629 «
330 3563 405 3644 toli,
433 3562 511 3630 sire
538 3560 657 3630 sancti
686 3581 706 3628 a
736 3557 956 3626 celsitudine
982 3557 1173 3640 virtutum,
1195 3571 1288 3630 sunt
1293 3615 1359 3630 .....

291 3709 489 3775 «Aurorae
518 3704 668 3784 nomine
692 3723 799 3770 mens
814 3700 1001 3790 justorum
1022 3701 1200 3791 accipitur
1205 3756 1273 3772 .....
1297 3706 1359 3792 (4).

324 3955 365 4024 (1)
390 3904 523 4007 Eucher.
551 3921 697 4004 Forento.
728 3945 807 4014 sptr.
838 3940 895 3996 int.
922 3940 1013 3999 Prrrf.
1042 3941 1155 3999 Patrol.
1183 3944 1247 4014 let,
1278 3949 1298 4001 t.
1326 3944 1360 4014 L,

222 4084 226 4098 ·
289 4051 347 4108 col.
363 4050 422 4105 729.

251 4193 255 4202 .
323 4149 367 4219 (2)
382 4147 462 4204 lbid.
475 4145 533 4203 col.
551 4139 743 4199 73o731-732.

325 4247 368 4318 (3)
385 4245 460 4301 lbid.
478 4243 535 4300 col.
553 4239 680 4296 rat-735.

325 4348 364 4420 (l)
385 4343 473 4408 lbid.,
494 4341 552 4399 col.
571 4337 631 4396 742.
