3072 4956
724 475 901 546 *74⁴-

326 673 380 742 Ne
401 681 523 742 tamen
548 673 675 742 credas
701 695 782 742 eam
813 669 955 745 tantum
988 675 1104 746 fnisse
1134 676 1359 747 Lerinensis

283 816 422 886 scholae
441 817 708 898 auctoritatem,
730 826 770 887 nt
797 819 967 889 adductis
996 822 1172 890 exomni
1200 820 1359 908 regione

281 960 489 1040 monachis,
523 960 646 1029 insula
681 961 719 1028 in
752 961 830 1030 dies
866 964 1093 1052 frequentior
1131 964 1247 1043 fieret,
1289 963 1356 1034 sed

279 1114 388 1184 etiam
406 1115 449 1183 ut
472 1134 566 1203 quos
590 1113 789 1203 aliquando
813 1113 851 1180 in
872 1114 997 1182 sinum
1017 1137 1128 1184 suum
1151 1123 1355 1204 receperat,

279 1259 318 1326 in
339 1277 469 1326 omnes
489 1255 830 1344 occidentispartes
850 1257 1041 1326 emitteret.
1066 1259 1106 1324 ln
1128 1258 1355 1326 memoriam

282 1399 484 1470 revocanda
506 1407 595 1467 sunt
618 1420 772 1488 eaquae,
796 1398 948 1468 ineunte
974 1399 1100 1468 seculo
1120 1409 1240 1480 sexto,
1264 1401 1355 1468 Por-

279 1595 367 1663 clrus,
382 1595 487 1652 seculo
501 1595 619 1650 ‹lec-imo
635 1599 732 1660 sexto,
749 1611 862 1648 sensus
877 1593 990 1665 quibus
1005 1599 1095 1648 trtate
1110 1593 1147 1648 de
1162 1611 1221 1666 qua
1237 1595 1354 1664 agitur,

278 1696 314 1752 ad
331 1692 463 1750 insulam
489 1691 736 1766 impellebantur,
753 1691 843 1747 modo
859 1693 978 1764 poetico
1001 1693 1198 1765 expressisse
1216 1692 1353 1747 videtur.

290 1851 293 1858 .
366 1802 508 1858 Carmina
526 1805 641 1866 nostra,
659 1817 778 1872 precor,
796 1799 914 1872 placido
931 1804 1018 1874 paler
1033 1801 1139 1872 accipe
1155 1800 1256 1862 vultu,

437 1881 579 1936 Carmina
597 1898 667 1952 qum
683 1881 783 1934 lenuis
797 1884 901 1934 nostra
918 1897 1056 1935 carmena
1074 1880 1153 1934 tulit.

367 1963 442 2018 Hinc
458 1962 539 2016 enini
556 1960 661 2014 densis
677 1958 791 2032 placuit
806 1959 957 2014 cecinisse
973 1959 1031 2014 sub
1047 1960 1179 2026 umbris,

436 2042 515 2096 Dum
532 2039 639 2098 letina
657 2039 748 2094 dabat
760 2040 819 2094 otia
837 2044 898 2093 tuta
917 2039 1001 2094 milii.

365 2121 527 2177 Dictabant
542 2125 664 2175 teneros
678 2124 795 2193 captata
812 2119 934 2178 silentia
949 2137 1070 2187 versus

437 2201 573 2272 Visaque
588 2200 721 2255 cantanti
739 2205 785 2253 cst
801 2199 875 2254 silva
894 2200 1009 2254 referre
1025 2203 1135 2254 vicem.

331 2337 333 2341 ,
365 2283 444 2337 Dum
462 2279 610 2336 tremulos
627 2278 698 2349 agili
715 2279 874 2351 pulsarum
890 2281 1009 2351 pectine
1026 2297 1139 2336 nervos

438 2360 581 2416 Carmina
595 2359 783 2414 carminibus
799 2358 905 2413 laurus
920 2360 1016 2414 amica
1034 2360 1135 2416 dabat.

364 2441 470 2496 Ardua
485 2439 521 2495 de
537 2456 658 2494 summo
675 2438 840 2493 resonabat
855 2440 968 2494 vertice
985 2441 1088 2512 pinus,

436 2521 474 2575 Et
489 2524 608 2592 myrtus
624 2517 755 2590 zephyro
770 2516 930 2574 sollicitata
948 2518 1016 2573 levi.

366 2599 543 2656 Pensilibus
560 2598 700 2652 residens
716 2598 809 2652 ramis
823 2597 992 2668 Philomela
1009 2617 1124 2656 canoro

436 2680 610 2736 Consuerat
625 2677 709 2732 leves
723 2694 776 2733 ore
792 2678 907 2732 referre
923 2679 1042 2735 modos,

363 2761 479 2816 Turtur
492 2764 574 2813 casta
593 2774 666 2811 suos
680 2757 873 2826 gemebunda
890 2759 1018 2813 canebat
1035 2777 1171 2824 amores,

437 2840 600 2908 Suaveque
617 2834 785 2891 reddebant
800 2836 933 2894 culmina
947 2838 1030 2894 celsa
1047 2839 1156 2895 melos

362 2921 483 2991 Nempe
496 2917 536 2971 ibi
553 2916 710 2986 solivagus
727 2915 912 2971 modulando
929 2935 1038 2990 passer
1052 2936 1211 2974 arnmnum

439 2995 596 3056 Mulcebat
611 2994 739 3069 placidis
755 2994 869 3050 aetliera
886 2998 1086 3053 carminibus,

364 3079 446 3145 Quin
463 3078 555 3132 etiam
570 3091 663 3129 rauco
679 3074 860 3146 strepitabat
875 3093 1034 3132 murmure
1051 3085 1176 3150 pontuS,

436 3155 536 3211 Curva
554 3151 667 3208 dabant
681 3153 787 3208 dulces
804 3153 902 3210 littora
920 3156 1009 3229 pulsa
1027 3175 1134 3214 sonos

365 3239 423 3294 Hic
439 3237 520 3289 inter
534 3233 647 3288 densas
662 3231 772 3286 salices
787 3249 939 3306 canasque
953 3234 1111 3308 loquaces,
1165 3293 1167 3298 ,

437 3313 618 3383 Neglectum
636 3312 695 3366 sini
710 3312 896 3368 conticuisse
912 3313 1034 3384 clielin3

366 3397 404 3452 Et
417 3392 513 3450 veluti
528 3390 662 3446 hebraeis
676 3391 829 3462 quondam
844 3393 1010 3465 Babylonis
1027 3395 1064 3451 ad
1081 3413 1190 3453 amnes

437 3474 470 3528 ln
487 3472 603 3526 luctum
617 3487 705 3525 versa
721 3475 768 3524 est
782 3473 881 3527 cantio
897 3473 966 3528 loeta
983 3474 1067 3530 Sion.

364 3558 416 3613 Sic
431 3557 546 3609 mutata
564 3549 637 3604 mibi
650 3551 679 3604 in
696 3549 850 3622 planctum
867 3552 974 3607 solatia
990 3561 1100 3611 cantus

337 3641 341 3653 “
436 3630 601 3694 Claudunt,
618 3637 674 3684 'nec
689 3629 830 3701 Cytharoe
846 3631 896 3686 fila
912 3649 1024 3689 canora
1039 3633 1159 3706 juvant.

363 3715 425 3773 Sed
442 3716 586 3785 repetens
601 3708 687 3764 avida
704 3709 846 3763 Lerinam
863 3717 963 3767 mente
980 3713 1146 3770 molestum

434 3791 585 3848 Exsilium
600 3789 696 3843 tristis
712 3787 802 3858 lugeo
819 3807 902 3864 saepe
920 3807 1034 3846 meum.

362 3878 400 3933 Et
415 3889 483 3928 mea
500 3871 571 3925 dum
589 3869 680 3938 longo
698 3856 826 3921 differtis
840 3869 950 3938 gaudia
967 3878 1048 3938 vota,

433 3951 556 4007 Anxius
572 3947 728 4003 excruciat
741 3951 862 4017 pectora
878 3955 986 4004 moesta
1003 3951 1101 4008 dolor.

359 4038 425 4092 Nec
441 4030 516 4087 milii
530 4034 633 4084 vestra
647 4025 768 4098 placent
780 4031 910 4095 augusta
928 4028 1049 4101 palatia,
1067 4050 1159 4104 reges

434 4112 489 4168 llla
504 4109 638 4164 habeant
645 4120 653 4173 3
672 4103 759 4158 decet
774 4102 829 4158 hos
845 4122 999 4164 marmore
1014 4110 1089 4166 fulta
1106 4112 1232 4172 domus.

278 4197 279 4200 ’
359 4197 411 4252 Me
426 4194 549 4248 deserta
564 4187 683 4260 juvant,
701 4188 880 4255 secretaque
896 4184 1008 4256 littora,
1023 4207 1119 4261 quare

433 4269 560 4332 Deliciis
577 4265 652 4320 satis
666 4266 714 4317 est
728 4262 829 4318 insula
844 4280 936 4336 parva
953 4269 1040 4324 meis
