3058 4960
736 495 913 560 ..30-

293 749 310 786 «
331 722 427 790 inter
446 720 631 810 spiritales
651 718 798 805 regulas
817 717 872 785 vel
888 718 1067 796 forenses
1087 716 1357 786 medioximum

292 865 506 957 «quiddam
530 861 824 940 concionantem,
854 859 989 950 quippe
1010 867 1255 950 utrarumque
1274 861 1358 930 doc-

292 1034 309 1072 «
331 1006 518 1076 tissimum
538 1004 832 1094 disciplinarum,
859 1003 995 1093 pariter
1014 1003 1145 1072 erectis
1165 1005 1355 1086 sensibus

292 1179 308 1217 «
330 1150 556 1239 auribusque
571 1146 732 1216 curratis
749 1147 1018 1226 ambiebamus,
1031 1146 1119 1215 binc
1135 1169 1268 1236 parum
1285 1150 1357 1218 lac·

291 1319 308 1358 «
330 1294 497 1362 litantem
521 1290 702 1360 desiderio
729 1298 869 1369 nostro,
897 1289 983 1380 quia
1005 1290 1144 1379 judicio
1169 1292 1356 1362 satisface-

291 1457 427 1504 «res»
463 1435 524 1522 (l).
558 1433 642 1502 Alio
672 1433 750 1500 loco
788 1432 1032 1501 elocutionem
1066 1433 1192 1502 Fausti
1227 1435 1356 1506 multis

289 1578 461 1648 laudibus
485 1575 661 1644 Sidonius
680 1562 821 1643 extollit
843 1597 850 1642 :
874 1599 890 1639 r
912 1575 1088 1655 immane,
1110 1576 1244 1667 inquit,
1273 1601 1355 1647 sus-

290 1749 306 1786 «
329 1721 423 1811 pieio
444 1718 606 1787 dictandi
632 1717 730 1786 istud
759 1717 798 1786 in
818 1718 922 1786 vobis
946 1718 1214 1807 tropologicum
1233 1741 1355 1808 genus

289 1887 370 1933 «ac
398 1863 598 1950 figuratum
628 1861 838 1951 limatisque
859 1860 1090 1950 plurifariam
1119 1863 1242 1932 verbis
1266 1865 1354 1933 emi-

289 2035 304 2073 «
323 2005 586 2076 nentissimum
607 2031 622 2069 »
646 2006 706 2093 (2).

333 2155 390 2222 Ex
410 2160 462 2221 tot
481 2173 525 2220 ao
544 2151 656 2220 tantis
676 2150 836 2230 dotibus,
858 2173 939 2241 quae
954 2151 1009 2219 vel
1029 2153 1166 2221 Fausto
1181 2162 1286 2223 erant
1301 2153 1356 2223 in-

284 2297 418 2386 genitae
436 2296 492 2364 rel
513 2295 637 2364 labore
661 2303 786 2384 partae,
813 2316 885 2385 qua
916 2295 1085 2364 felicitate
1111 2297 1157 2365 ad
1177 2298 1352 2368 Lerinen-

232 2435 236 2446 ’
285 2462 363 2511 sem
384 2439 550 2508 scholam
571 2438 647 2506 sive
667 2437 951 2507 instaurandam
971 2438 1048 2506 sire
1072 2442 1351 2528 propagandam

284 2582 552 2662 allaboraverit,
583 2581 765 2670 conjicere
790 2581 883 2659 licet,
912 2580 1053 2649 cumei
1081 2581 1195 2649 ferme
1220 2582 1351 2670 viginti

283 2727 394 2798 annis
412 2725 610 2815 praefuerit.
633 2723 730 2792 Citra
750 2707 905 2793 dubium
921 2725 1064 2793 ridetur
1081 2747 1166 2794 eum
1182 2728 1350 2820 aliquan-

281 2873 328 2941 do
349 2893 510 2940 manum
535 2871 635 2960 operi
663 2871 899 2959 imposuisse,
926 2880 960 2940 et
986 2872 1189 2942 educandis
1223 2871 1349 2962 pueris

281 2993 467 3082 interdum
488 3011 618 3081 saltem
640 3011 855 3080 indulsisse.
882 3012 942 3080 Sic
964 3034 1048 3080 eum
1070 3014 1259 3095 Sidonius,
1289 3037 1349 3084 ex-

281 3159 408 3230 tremis
428 3160 605 3228 carminis
625 3160 723 3250 quod
739 3163 1021 3230 Euctort'stt'con
1040 3161 1257 3232 inscribitur
1272 3187 1349 3234 ver-

280 3303 398 3381 sibus,
420 3302 555 3370 affatur
577 3324 584 3369 :

387 3445 430 3500 Da
448 3445 595 3500 Faustum
612 3445 739 3501 laudare
756 3451 852 3514 tuum,
870 3447 906 3503 da
923 3449 1044 3506 solvero
1060 3457 1164 3521 gratos
1169 3495 1223 3508 .....

386 3543 461 3599 Hoec
476 3544 570 3614 igitur
584 3544 682 3617 prima
698 3550 746 3599 ost
761 3545 807 3600 vol
823 3564 916 3601 causa
931 3547 978 3602 vel
995 3549 1073 3626 actio
1090 3549 1228 3616 laudum,

385 3641 473 3707 Quod
488 3641 561 3696 milri
576 3644 725 3712 germani,
743 3642 815 3698 dum
827 3644 943 3700 lubrica
960 3646 1093 3701 volvitur
1108 3654 1194 3716 tutas,

384 3740 532 3795 Servatus
547 3746 646 3796 tecum
663 3740 777 3796 domiui
791 3760 846 3815 per
862 3741 939 3798 dona
954 3744 1112 3816 probatur,

385 3837 450 3894 Nec
466 3839 544 3894 lama
560 3839 709 3894 titubante
725 3838 823 3912 pudor
838 3839 887 3909 (3).

313 4096 351 4166 (l)
369 4095 422 4166 Lib
441 4095 493 4162 lX,
510 4095 599 4168 epist.
615 4094 641 4148 3.

311 4192 348 4257 (2)
365 4191 439 4246 lhid.

312 4291 351 4360 (3)
367 4289 483 4344 Sidonii
500 4289 601 4363 Apoll.
625 4290 871 4349 Eucltort'sticon
895 4294 932 4349 ad
952 4295 1111 4352 Faustum.
1139 4298 1171 4354 ln
1195 4303 1341 4361 Mortem.

276 4389 381 4443 Germ.
397 4386 469 4444 hist.
488 4387 633 4454 Berolini‚
650 4388 729 4447 1887.
