3058 4960
601 495 781 568 ..21-

156 743 230 814 quo
250 721 289 792 in
309 741 475 803 munere,
503 743 589 792 oum
609 719 709 793 haud
732 720 954 794 mediocrem
973 723 1123 826 dicendis
1146 723 1227 812 ‘glo--

157 865 251 935 riam
282 858 535 956 reportaturus
563 866 758 948 videretur,
789 867 979 937 Honorato
1006 868 1222 960 Hilarioque

156 1007 406 1088 hortantibus
441 1009 598 1110 consilio
629 1009 772 1078 favente
800 1009 1018 1090 Pimcniola,
1038 1011 1090 1078 'in
1122 1011 1251 1115 Leri·²
1300 1061 1304 1068 .

156 1171 311 1219 nensem
333 1150 497 1221 insulam
517 1173 557 1220 se
576 1152 732 1221 contulit
754 1175 762 1220 :
790 1178 807 1217 a
828 1155 917 1222 Post
936 1152 1136 1224 desudatas
1156 1153 1223 1221 mi·
1245 1120 1251 1180 ‘³

156 1293 247 1362 litiae
265 1287 481 1364 Lerinensis
502 1295 677 1365 excubias
694 1321 710 1361 u
726 1298 787 1385 (1),
809 1318 894 1365 cum
915 1316 1107 1384 regressus
1123 1305 1221 1367 esset

158 1463 174 1502 a
196 1437 242 1507 ad
265 1438 509 1508 Matisconem
537 1447 578 1508 ut
601 1460 641 1508 ea
662 1461 747 1530 quae
767 1439 838 1530 ipsi
859 1443 1115 1510 remanserant
1135 1462 1223 1531 pau·

158 1605 174 1644 a
196 1581 347 1670 peribus
366 1582 586 1670 elargiretur
607 1609 623 1648 r>
646 1585 707 1671 (2),
733 1585 929 1654 communi
946 1585 1115 1654 omnium
1136 1606 1223 1654 voce

155 1723 313 1794 civitatis
340 1718 535 1794 Trecensis
559 1726 755 1817 episcopus
783 1727 943 1815 cligitur.
974 1729 1054 1797 Hoc
1078 1729 1118 1798 in
1143 1728 1222 1798 loco

155 1869 204 1938 ita
236 1870 353 1939 animi
384 1871 532 1940 dotibus
566 1879 600 1940 et
628 1873 849 1954 constantia,
886 1873 1043 1964 justitia,
1076 1873 1220 1964 pietate,
1262 1965 1264 1967 ,

155 2012 292 2101 pariter
314 2020 349 2081 et
368 2003 535 2081 doctrina
565 2013 715 2093 effulsit,
751 2022 791 2083 ut
819 2013 956 2102 dignus
985 2023 1094 2100 esset
1111 2037 1221 2107 quem

156 2181 173 2220 «
194 2155 299 2224 facile
319 2154 522 2245 principem
542 2155 758 2246 pontificum
778 2157 1047 2244 gallicanorum
1069 2184 1085 2223 u
1109 2161 1156 2248 (3)
1180 2179 1221 2228 ea

154 2306 261 2400 aetate
280 2298 415 2368 diceret
439 2298 627 2369 Sidonius.
660 2299 726 2369 Cui
754 2300 865 2370 verbo
888 2309 929 2369 ut
957 2300 1219 2384 assentiamur,

154 2443 221 2512 etsi
242 2443 401 2532 plurima
423 2464 499 2512 non
522 2442 724 2513 obveniunt
744 2444 968 2525 testimonia,
991 2445 1082 2514 illud
1098 2454 1221 2515 tamen

154 2585 316 2676 suppetit
345 2587 443 2676 quod
474 2587 520 2656 ab
555 2581 743 2657 historicis
774 2588 931 2658 traditur
964 2588 1219 2680 scriptoribus,

154 2731 301 2822 Lupum
348 2753 491 2823 nempe,
537 2731 821 2801 imminentibus
867 2733 1041 2802 Trecensi
1085 2733 1220 2803 civitati

155 2877 381 2946 Hunnorum
402 2875 548 2956 turmis,
571 2875 667 2944 iuter
686 2875 784 2944 cives
802 2874 1026 2965 perterritos
1044 2897 1129 2944 eum
1146 2893 1221 2944 non

106 2999 109 3006 Δ
157 3040 226 3088 suo
246 3019 310 3088 sed
335 3040 490 3088 suorum
518 3017 681 3108 periculo
708 3027 863 3099 motum,
893 3018 1003 3086 feroci
1022 3016 1108 3100 duci,
1135 3018 1221 3087 asti·

155 3161 257 3244 tisse,
297 3152 576 3255 periculumque
618 3161 824 3253 eloquentia
863 3161 1052 3254 animique
1086 3160 1222 3233 ,virtute

154 3306 422 3376 deturbavisse.
454 3307 489 3375 ls
518 3298 627 3376 etiam
649 3302 823 3374 narratur
850 3307 979 3395 Lupus
998 3323 1108 3396 quem
1128 3305 1221 3394 epis-

191 3590 230 3666 (l)
245 3589 391 3649 Sidonius
411 3591 523 3668 Apoll,
545 3592 597 3649 lib.
621 3590 673 3661 Vl,
699 3592 788 3666 epist.
818 3589 840 3656 1,
867 3592 916 3648 Ere
942 3605 1086 3647 monum.
1113 3589 1218 3646 Germ.

154 3691 228 3748 hist.
244 3692 344 3748 -Sic
361 3691 451 3748 habet
466 3693 611 3750 chronol.
628 3691 735 3748 Leria.

404 3790 483 3845 Hinc
499 3789 691 3844 Honoratum
704 3788 810 3862 Lupus
827 3787 971 3860 expetivit

403 3887 441 3942 Et
453 3869 540 3958 gregi
556 3873 661 3942 sancto
676 3886 810 3942 sociatus
826 3884 871 3940 illi

404 3983 543 4040 Audiens
559 4001 657 4040 sacrae
673 3984 721 4058 pia
736 3982 908 4056 disciplinae

546 4082 631 4138 Colla
648 4082 780 4153 subegit.

190 4182 228 4253 (ἓ)
250 4181 459 4252 Chronolopio
472 4180 580 4268 Leria,
597 4187 617 4238 t.
635 4180 657 4249 1,
674 4199 703 4254 p.
719 4179 764 4236 33.

74 4329 77 4336 .
191 4279 230 4354 (3)
246 4280 311 4338 Lib.
328 4280 395 4349 Vll,
412 4281 501 4355 epist.
518 4279 562 4337 13.
592 4291 595 4298 '
642 4289 644 4296 '
