3072 4956
624 505 802 574 ...69-

173 729 271 800 citus
304 730 503 820 cujusdem
537 730 649 800 duces
680 737 714 798 et
745 727 1063 798 numerosissime
1095 727 1245 800 furnilire

173 882 297 963 putres
314 873 444 944 fierent
466 897 473 942 :
496 873 594 966 quod
619 872 664 942 de
684 871 876 942 Lerinensi
898 871 1095 942 fundatore
1115 891 1244 941 verum

174 1016 355 1099 habetur3
378 1017 501 1086 lerunt
520 1017 619 1085 enim
634 1015 807 1085 Lerinum
828 1016 965 1084 multos
982 1015 1128 1084 venisse
1146 1041 1162 1080 «
1179 1036 1244 1105 pro

174 1186 191 1224 «
214 1160 334 1229 solute
353 1160 565 1229 animorum
583 1185 599 1226 »
618 1161 665 1248 (1)
684 1159 819 1250 :idque
839 1159 1001 1247 maxime
1022 1159 1178 1249 pertinet
1197 1159 1244 1229 ed
1319 1240 1323 1249 ι

173 1302 422 1372 monosticum
443 1303 727 1373 institutionem.
780 1399 782 1404 Ι

218 1446 288 1514 Ast
308 1445 434 1515 eodem
457 1446 535 1515 loeo
555 1447 680 1516 slotim
700 1446 952 1537 subjungitur,
977 1472 994 1512 «
1011 1447 1089 1516 sive
1108 1446 1243 1516 studiis

173 1587 403 1671 litterarum3
422 1615 439 1653 »
457 1588 610 1658 minime
624 1589 773 1679 quidem
792 1589 900 1658 nobis
916 1611 997 1658 esse
1013 1589 1242 1681 propositum

175 1723 215 1800 ut'
251 1731 297 1800 de
334 1731 461 1800 schola
491 1731 697 1811 Lerinensi,
738 1731 858 1818 magis
895 1731 934 1798 in
971 1731 1050 1800 dies
1083 1731 1241 1812 florenti,

174 1874 424 1964 loqueremur,
456 1873 557 1943 obliti
585 1895 718 1943 sumus
751 1895 836 1942 curn
861 1873 988 1943 endem
1018 1896 1130 1944 consu
1161 1896 1243 1965 quae

172 2018 447 2087 monachornm
468 2038 679 2098 numerum,
708 2017 821 2087 siniul
845 2017 1114 2107 discipulorum
1134 2039 1243 2106 nuge-

172 2171 227 2231 ret
250 2163 579 2232 instituendorum.
613 2163 705 2232 Cum
738 2187 754 2226 u
788 2162 906 2248 legere
937 2168 971 2229 et
1004 2160 1165 2230 scribere
1194 2160 1242 2230 sit

170 2325 267 2395 opus
289 2305 515 2395 precipuum
536 2304 819 2385 monachorum,
843 2331 860 2369 »
886 2325 927 2374 en
957 2313 1060 2374 aetole
1084 2327 1155 2396 qno
1181 2305 1243 2374 vix

170 2458 275 2518 extra
296 2450 513 2519 monosterii
534 2450 695 2519 claustro
722 2449 918 2518 exstabant
938 2449 1086 2530 scholae,
1114 2449 1241 2520 nullus

171 2613 248 2661 non
270 2602 396 2662 censet
416 2594 542 2674 eudem
564 2615 676 2662 consu
698 2602 749 2663 tot
770 2593 985 2683 discipulos,
1005 2600 1094 2684 quot
1114 2615 1241 2664 mona·

171 2736 277 2818 ehoe,
309 2737 348 2805 in
369 2737 533 2806 insulam
558 2737 651 2825 cogi.
682 2739 756 2806 Nec
776 2737 902 2807 minus
933 2738 1015 2807 licet
1038 2738 1159 2808 dicere
1188 2747 1239 2808 tot

169 2879 390 2960 monochOS,
412 2889 501 2971 quot
520 2879 735 2970 discipulos,
764 2881 950 2972 Quidquid
970 2882 1069 2950 enirn
1091 2882 1239 2971 propriu

167 3027 288 3095 virtus
316 3033 350 3094 et
375 3026 509 3094 eximin
531 3047 678 3095 morum
699 3027 878 3096 sanctitas
905 3035 1074 3117 possunt,
1105 3050 1180 3096 non
1200 3029 1239 3097 in

167 3171 229 3239 his
250 3179 374 3239 tomen
395 3171 553 3260 positam
576 3171 692 3241 fuisse
711 3192 861 3241 omnem
881 3171 1096 3243 Lerinensis
1116 3182 1239 3242 aueto-

168 3313 289 3383 ritatis
308 3335 461 3382 causum
492 3314 647 3382 libenter
675 3315 848 3394 creditur,
877 3287 962 3382 cuin
988 3312 1115 3382 nullus
1135 3314 1239 3384 dubi·

167 3457 270 3526 tandi
292 3457 395 3526 locus
415 3457 534 3538 detur,
557 3458 695 3527 lumem
722 3480 835 3549 quum
856 3458 895 3526 in
919 3458 1050 3526 litteris
1070 3458 1236 3526 insulani

165 3600 335 3669 doctores
356 3599 505 3690 seriptis
525 3600 605 3669 suis
621 3600 740 3690 odepti
758 3609 875 3681 erunt,
897 3600 953 3668 vel
973 3599 1135 3668 maxime
1154 3601 1238 3669 effe-

165 3743 275 3822 cisse,
308 3751 348 3811 ut
375 3743 420 3811 ud
444 3764 508 3812 eos
528 3742 692 3833 undique
712 3753 1006 3813 concurreretur.
1043 3742 1238 3813 Enimvero

164 3885 384 3988 cogitemuS,
406 3895 589 3976 quantum
612 3886 723 3956 decus
747 3886 941 3956 Lerinensi
961 3887 1097 3957 scholae
1117 3909 1237 3957 ueces-

164 4029 357 4109 seril‚cum
378 4030 416 4098 in
445 4029 634 4119 publicum
664 4031 832 4101 venirent
859 4053 968 4122 opero
996 4031 1235 4102 uVincenlio

164 4181 167 4186 Δ
199 4212 237 4299 (l)
256 4225 402 4282 Chronot.
419 4225 528 4282 Lerin.
544 4231 563 4281 l.
582 4226 618 4294 ΙΙ,
634 4244 662 4300 p.
680 4225 740 4283 130.

198 4367 442 4440 (2)H01stentus.
461 4335 563 4426 Codedc
578 4373 693 4439 repul,
704 4369 774 4425 edil.
788 4368 912 4437 Euclio,
922 4369 1046 4446 Lipsiae,
1059 4377 1078 4428 t.
1093 4370 1115 4439 1,
1127 4350 1235 4446 regule

163 4465 205 4525 Sti
224 4466 373 4536 Ferreoli,
391 4486 420 4542 p.
437 4467 498 4524 162.
