3058 4960
637 523 814 591 ..47-

231 747 414 814 Praeterea
436 744 535 814 haud
556 745 662 815 aliter
681 746 719 814 in
741 747 907 836 profanis
924 747 1063 817 scholis
1084 769 1142 816 res
1158 748 1257 818 cede-

187 889 260 969 bat,
284 910 368 957 cum
391 889 429 957 in
454 888 547 978 ipsis
566 889 670 978 pueri
687 889 764 981 jam
796 891 927 980 primis
954 891 1160 959 litterarum
1189 891 1259 960 ele,

188 1031 324 1100 mentis
357 1031 491 1099 initiati
518 1032 773 1118 grammaticis
806 1033 981 1122 primum,
1017 1041 1258 1125 perceptaque

188 1201 226 1248 re
251 1177 507 1266 grammatica,
536 1177 668 1246 deinde
694 1178 904 1248 rhetoribus
927 1179 1178 1249 tradebantur.
1205 1182 1257 1249 Ea

187 1331 311 1392 autem
332 1330 408 1390 erat
428 1320 526 1410 apud
551 1321 725 1411 antiquos
752 1343 814 1392 ars
838 1322 1080 1410 grammatica
1100 1362 1145 1398 -,
1168 1332 1258 1392 teste

185 1467 414 1550 Quintiliano
435 1469 496 1554 (t),
518 1504 562 1515 -
590 1487 675 1556 quae
695 1467 740 1536 nd
772 1468 947 1555 legendos
974 1468 1102 1549 libros
1131 1476 1208 1537 tum
1236 1490 1255 1536 a

187 1610 305 1702 poetis
339 1618 417 1679 tum
444 1610 490 1678 ab
514 1608 708 1678 historicis
742 1611 987 1700 scriptoribus
1016 1610 1271 1700 compositos,

186 1756 237 1824 ita
260 1755 408 1824 animos
430 1755 654 1834 intendebat,
673 1762 712 1823 ut
728 1718 853 1822 omnia
870 1753 957 1822 huic
973 1754 1072 1844 operi
1089 1775 1256 1823 connexa

188 1905 301 1974 simui
321 1905 636 1994 complecteretur,
659 1903 755 1972 inter
778 1925 863 1993 quae
887 1903 1004 1993 stylus
1031 1923 1161 1993 resque
1183 1924 1256 1970 me-

190 2048 277 2117 trica
294 2047 456 2137 primum
474 2048 595 2115 locum
612 2045 819 2116 obtinuisse
835 2045 1017 2114 ridentur.
1037 2047 1115 2113 Hac
1130 2044 1257 2113 eadem

186 2185 395 2275 disciplina,
427 2186 471 2255 de
506 2185 565 2254 his
594 2185 769 2254 omnibus
803 2206 887 2276 quae
915 2183 1051 2274 stylum
1075 2192 1254 2274 spectant,

188 2351 253 2398 seu
277 2329 464 2409 derebus
494 2350 559 2397 seu
580 2329 624 2397 dc
651 2329 770 2397 verbis
791 2327 1095 2417 ornamentisque
1119 2348 1256 2395 sermo-

188 2475 259 2556 nis,
281 2497 376 2566 quas
396 2475 536 2562 figuras
560 2483 703 2555 vocant,
728 2475 850 2543 fusius
870 2475 1067 2560 agebatur3
1090 2474 1254 2563 propria-

187 2642 258 2712 que
291 2629 368 2689 arte
398 2629 438 2689 ut
470 2641 546 2700 eos,
575 2619 638 2710 qui
667 2619 834 2708 exemplo
862 2627 978 2698 orant,
1007 2618 1253 2697 imitarentur,
1299 2582 1301 2586 v

186 2764 300 2832 variis
329 2764 473 2853 seipsos
506 2762 699 2832 exercendi
733 2761 854 2830 modis
884 2762 1116 2830 conabantur
1148 2760 1256 2829 disci-

187 2907 276 2998 puli.
298 2908 355 2977 Ab
380 2929 422 2976 eo
443 2929 514 2976 usu
535 2906 741 2996 antiquitus
766 2905 892 2974 habito
912 2926 974 2973 ars
999 2903 1253 2994 grammatica,

171 3018 309 3143 ¹quaea
336 3051 603 3120 Lerinensibus
635 3049 846 3128 docebatur,
877 3070 952 3115 non
980 3047 1134 3115 omnino
1161 3067 1255 3115 rece-

186 3194 305 3264 debat.
336 3195 427 3262 Cum
455 3193 554 3260 enim
573 3193 618 3262 de
647 3191 693 3260 iis
727 3212 811 3282 quae
836 3200 952 3259 artem
973 3189 1255 3277 grammaticam

187 3348 355 3430 spectant
390 3339 464 3426 agit
494 3338 712 3417 Eucherius
753 3359 793 3405 ea
833 3337 980 3427 quidem
1020 3335 1058 3402 in
1092 3335 1254 3403 medium

188 3482 325 3571 profert
355 3503 453 3572 qum,
484 3480 529 3549 ad
562 3501 772 3548 sermonem
803 3487 836 3546 et
856 3477 996 3565 figuras
1021 3477 1253 3566 pertinentia,

188 3626 280 3716 stylo
301 3626 448 3716 propria
470 3626 653 3694 habentur
674 3626 734 3711 (2).
757 3623 944 3702 Quinim0,
968 3643 1034 3690 nec
1053 3645 1072 3689 a
1091 3621 1255 3709 legendis

188 3770 373 3839 interdum
394 3768 632 3858 antiquorum
654 3764 875 3854 scriptorum
896 3763 1000 3832 libris
1020 3763 1256 3833 abstinebant

186 3913 409 3982 Lerincnses
429 3909 599 4000 discipuli
622 3911 683 3998 (3),
709 3908 938 3998 dignumque
967 3907 1064 3998 quod
1090 3907 1255 3976 animad-
1360 3894 1364 3902 ’

224 4165 262 4237 (Ι)
277 4167 318 4220 De
332 4162 437 4218 instit.
452 4166 532 4218 orat.
551 4161 601 4215 lib.
620 4160 642 4226 1,
659 4177 725 4232 cap.
745 4159 794 4213 lV.

221 4266 257 4328 (21
273 4266 508 4319 Formutortmt
524 4257 627 4330 spirit.
649 4257 747 4314 iutctt.
764 4256 816 4312 lib.
835 4256 946 4312 Patrol.
961 4256 1023 4318 lat,
1036 4260 1055 4310 t.
1071 4255 1103 4322 L,
1119 4255 1176 4310 col.
1193 4255 1252 4310 728.

224 4362 262 4432 (3)
278 4362 323 4416 Cf.
346 4360 402 4416 Vit.
421 4359 458 4413 sa·
474 4356 614 4415 Caesarii.
632 4356 745 4412 Patrol.
763 4354 826 4420 lat,
843 4360 863 4409 t.
879 4354 999 4421 LXVII,
1016 4353 1073 4410 eol.
1089 4353 1167 4409 1005.
