3072 4956
638 509 817 578 ..65-

198 757 320 806 «esse
351 734 517 804 videntur
552 731 843 804 innumerabiles
877 739 1000 801 tamen
1034 739 1178 800 montes
1214 726 1260 800 nd

197 905 214 944 «
236 879 371 948 eoelum
401 877 551 948 misisse
578 877 817 965 eognoseiiur
836 902 852 942 »
876 877 936 964 (1).
972 877 1052 956 Quo
1077 874 1261 944 montium

196 1021 348 1092 nomine
385 1021 590 1090 monachos
627 1021 673 1091 ud
702 1021 838 1090 coelum
871 1019 1039 1090 moribus
1073 1027 1108 1087 et
1140 1026 1263 1088 mente

196 1176 337 1236 erectus
375 1166 480 1236 facile
513 1167 660 1236 noveris
692 1164 893 1253 designari,
930 1185 1015 1233 eum
1048 1163 1263 1234 Lerinensis

197 1310 321 1380 insule
341 1311 536 1399 angustior
554 1311 603 1380 sit
621 1332 734 1402 quem
754 1318 795 1379 ut
815 1309 996 1400 plurimos
1012 1305 1145 1378 hubent
1160 1329 1263 1377 mon-

197 1463 263 1524 tes.
290 1454 422 1524 Nescio
451 1476 524 1546 quo
554 1476 643 1524 cusu
670 1454 767 1523 idem
792 1453 1009 1541 significans
1034 1452 1108 1522 fere
1132 1451 1263 1521 iisdem

195 1597 312 1668 utitur
335 1597 487 1669 vocibus
512 1598 700 1680 Sidonius,
733 1597 797 1690 qui
822 1597 866 1667 de
890 1598 1017 1668 eadem
1043 1596 1166 1666 insula
1187 1595 1265 1667 haeo

196 1741 376 1833 scripsit:

304 1904 465 1960 Fratribus
480 1904 643 1960 insinuans
659 1909 790 1977 quantos
806 1903 856 1960 illa
872 1904 972 1960 insuia
990 1904 1079 1978 plana

303 2003 425 2058 Miserit
438 2004 468 2058 in
485 2002 598 2060 coelum
618 2008 738 2059 munies
756 2018 848 2076 :quoe
864 2009 968 2060 sancta
986 2003 1125 2078 Caprasii

303 2101 372 2156 vita
389 2103 483 2169 senis,
498 2093 684 2175 junonisque
698 2102 775 2176 Lupi
784 2117 792 2170 ;
810 2120 880 2175 qum
894 2102 991 2174 gratia
1008 2106 1126 2176 patrem

261 2223 266 2232 ·
303 2199 420 2256 Mansit
434 2201 638 2266 Honoratum,
656 2205 761 2258 ete.....
777 2199 827 2272 (⁴2).

239 2363 477 2432 Testimoniis
498 2363 529 2432 si
555 2362 715 2432 creditur
734 2362 772 2431 in
797 2362 893 2432 diem
914 2361 1192 2443 illustrioribus
1222 2383 1263 2430 eu

198 2507 267 2577 suit
286 2507 501 2577 Lerinensis
526 2507 673 2577 fortuna
699 2515 738 2576 ut
764 2507 914 2576 ineunte
939 2508 1063 2576 seculo
1093 2506 1262 2597 septime,

197 2677 213 2715 «
235 2651 282 2720 ed
316 2672 397 2720 enm
431 2671 561 2719 omnes
595 2649 822 2719 unanimiter
859 2658 1121 2720 concurrerent
1147 2675 1163 2714 »
1199 2650 1261 2738 (3),

195 2794 333 2876 nedum
354 2793 525 2883 praedicta
546 2793 750 2884 frequentia
771 2794 868 2884 apud
889 2794 1085 2863 insulnnos
1101 2801 1264 2884 tempore

195 2937 479 3006 imminueretur
501 2960 508 3006 :
530 2937 629 3028 quod
655 2937 824 3028 equidem
845 2937 976 3008 iisdem
1001 2939 1075 3008 fere
1095 2938 1260 3018 vocibus³

195 3099 271 3146 non
292 3079 405 3148 semel
426 3080 489 3149 sed
510 3081 660 3170 plurieS,
684 3089 723 3149 ut
742 3079 921 3171 majorem
942 3080 981 3148 in
998 3081 1106 3151 nobis
1123 3082 1264 3174 injiciat

194 3218 317 3298 fidem,
335 3219 468 3288 usserit
484 3223 725 3308 Cironoloqz'u
742 3243 754 3288 .·
776 3246 792 3284 «
809 3219 855 3289 nd
872 3221 993 3290 locum
1013 3221 1137 3314 itaque
1156 3223 1262 3294 illum

196 3389 212 3427 «
234 3363 477 3433 concurrebat
513 3363 708 3433 hominum
747 3385 839 3455 pene
872 3364 1100 3436 incredibilis
1139 3368 1263 3438 multi-

196 3531 212 3569 «
235 3507 322 3576 tudo
347 3533 363 3571 n
391 3509 452 3596 (4).
483 3510 557 3577 Nec
583 3529 664 3577 enm
692 3530 817 3577 vocem
847 3511 1073 3579 incredibilis
1098 3511 1262 3601 rejicien-

193 3649 279 3718 dum
298 3670 444 3752 eerrseO,
472 3671 557 3719 cum
582 3651 667 3720 alibi
693 3651 737 3720 de
762 3659 890 3720 sencio
910 3653 1094 3734 Amnnd0,
1116 3655 1259 3737 abbate,

192 3793 254 3884 qui
276 3793 433 3884 septimo
453 3794 590 3875 seeum,
612 3816 685 3885 quo
705 3794 867 3864 maxime
886 3795 1040 3864 florebat
1059 3797 1262 3868 Lerinense

228 4024 260 4090 (i)
276 4024 421 4082 Hemina
437 4029 584 4083 XXVad
601 4029 780 4085 monachos,
798 4025 912 4088 Petrei.
931 4028 994 4102 lau,
1013 4035 1031 4087 ι.
1050 4031 1103 4092 LX
1114 4030 1172 4091 ³711.

227 4123 268 4194 (2)
282 4124 528 4182 Eucharisticon
545 4125 582 4181 ad
600 4125 759 4182 Faustum.

226 4221 265 4291 (3)
281 4223 427 4279 Chronol.
444 4222 553 4287 Lerin,
569 4229 587 4279 ῑ.
607 4223 643 4290 11,
661 4243 689 4297 p.
706 4224 765 4287 130.

227 4318 267 4394 (4)
284 4318 371 4388 ibid„
390 4339 418 4400 p.
436 4319 499 4384 137.
