3058 4960
745 501 900 568 ,6-

290 722 454 813 copalem
473 722 690 812 dignitatem
715 725 870 814 adeptus
895 724 944 793 sit
963 725 1136 803 Faustus,
1159 723 1295 813 pariter
1313 724 1352 794 in

289 866 429 935 incerto
449 867 528 947 erit,
553 876 677 937 utrum
704 867 918 936 Lerinensis
943 889 997 938 en.
1021 866 1193 937 Reiensis
1213 868 1352 937 scholae

288 1009 452 1078 alumnis
472 1010 613 1079 Sidonii
634 1011 745 1079 frater
765 1011 813 1080 sit
831 1011 1086 1080 ascribendus

332 1152 468 1231 Quinto
495 1152 619 1221 seculo
636 1153 714 1242 jam
734 1152 872 1242 eleps0,
899 1153 995 1222 inter
1019 1153 1215 1222 insulanos
1243 1153 1351 1222 disci-

287 1296 395 1385 pulos
413 1295 527 1364 elium
547 1296 659 1364 citare
686 1304 753 1374 est,
784 1296 892 1384 cujus
917 1317 983 1363 nec
1008 1317 1144 1364 nomen
1166 1318 1232 1364 nec
1252 1297 1349 1364 seme

286 1438 325 1506 in
345 1439 484 1507 incerte
500 1450 600 1519 sunt,
617 1440 835 1519 Caesarium,
851 1439 1104 1508 Arelatensem
1121 1439 1347 1538 episcopum,

286 1602 396 1672 quem
431 1581 469 1649 in
499 1581 650 1650 homilia
680 1583 791 1650 XXV
824 1582 869 1650 ed
900 1581 1104 1651 monachos
1137 1582 1349 1651 audivimus

284 1725 466 1794 dicentem
503 1748 510 1793 :
548 1751 564 1789 r
599 1727 691 1814 Cum
725 1725 824 1794 enim
859 1725 1074 1814 parvitatem
1113 1746 1233 1793 mecm
1268 1724 1348 1792 haec

287 1897 303 1936 «
325 1880 452 1939 sancte
473 1870 609 1949 insula,
632 1871 730 1940 velut
750 1869 927 1960 praeclcre
948 1878 1066 1939 meter
1089 1877 1123 1937 et
1143 1869 1251 1938 unice
1273 1868 1347 1936 sin-

286 2043 303 2080 «
324 2016 466 2103 gularis
485 2016 654 2084 omnium
674 2016 858 2084 bonorum
879 2015 1017 2094 nutrix,
1041 2014 1202 2083 brachiis
1231 2035 1346 2104 quon·

286 2184 302 2223 (ι
323 2159 409 2229 dem
430 2159 575 2248 pietatis
595 2159 747 2248 excepit,
770 2166 804 2227 et
824 2180 899 2227 non
918 2179 1030 2248 perro
1053 2157 1171 2247 spatio
1191 2157 1346 2226 educere

286 2326 302 2366 «
324 2310 359 2370 et
378 2302 541 2371 enutrire
569 2301 809 2381 contenderit,
831 2309 897 2370 etc.
922 2327 938 2365 »
961 2303 1022 2389 (1).
1049 2301 1118 2380 Qui
1144 2301 1342 2381 Caesarine,

282 2467 368 2515 cum
407 2444 510 2513 rudis
548 2453 583 2513 et
620 2452 789 2513 octavum
827 2443 1010 2512 decimum
1049 2465 1192 2513 annum
1229 2464 1344 2531 egens

282 2587 483 2655 Lei-inense
515 2586 784 2655 monesterium
819 2587 1013 2673 ingressus
1047 2596 1155 2666 esset,
1191 2587 1224 2655 is
1256 2607 1344 2654 mox

282 2730 370 2799 exiit
389 2751 499 2820 quern
516 2730 599 2817 jure
618 2729 822 2819 meritoque
842 2731 1071 2820 praecipuum
1088 2729 1226 2799 scholae
1246 2730 1343 2798 Leri-

280 2873 409 2942 nensis
426 2873 621 2942 alumnum
648 2874 767 2944 dicere
792 2875 993 2964 possimus.
1014 2877 1088 2942 Nec
1113 2874 1182 2943 alid
1209 2877 1343 2944 desunt

280 3017 431 3085 nemine
452 3016 719 3107 discipulorum
737 3026 871 3086 'tenera
896 3025 1004 3086 eetete
1029 3017 1068 3084 in
1093 3017 1256 3087 insulem
1281 3018 1341 3087 cd-

278 3168 480 3240 vectorum,
507 3161 545 3228 in
565 3182 680 3251 ecque
699 3161 952 3241 educatorem,
979 3161 1023 3230 de
1051 3161 1188 3252 quibus
1215 3173 1339 3252 posted

280 3325 349 3372 suo
370 3303 449 3373 loco
470 3304 590 3373 fusius
611 3305 679 3372 erit
697 3305 907 3374 dicendum.
929 3303 1090 3374 Ubinam
1111 3306 1182 3395 ipsi
1201 3306 1340 3375 litteras

277 3445 504 3526 didicissent,
538 3446 610 3515 nisi
644 3447 766 3517 insula
806 3448 932 3517 schole
971 3449 1101 3517 fuisset
1136 3449 1340 3519 instructa?

276 3591 445 3668 Qudnam
472 3590 612 3659 ratione
635 3612 719 3659 vere
744 3600 841 3660 esset
859 3614 900 3660 ea
922 3592 1073 3661 Ceescrii
1093 3613 1177 3673 vor,
1199 3593 1243 3662 de
1263 3615 1338 3663 mo-

233 3819 234 3824 *
277 3732 439 3801 nesterio
462 3742 589 3802 nostro
616 3734 830 3825 loquentis:
863 3755 995 3825 «quos
1024 3736 1140 3805 nutrit
1164 3738 1338 3826 parvulos

277 3900 293 3939 κ
318 3875 435 3944 reddit
458 3897 628 3964 magnos,
655 3900 749 3968 quos
771 3878 868 3947 velut
895 3878 1034 3948 tirones
1060 3879 1205 3969 excipit,
1233 3900 1337 3968 reges

308 4237 347 4312 (i)
371 4238 412 4296 sti
435 4240 564 4297 Caesarii
584 4242 699 4298 Arelet.
721 4241 803 4300 hom.
826 4243 925 4310 XXV,
950 4243 987 4301 ad
1015 4245 1193 4305 monachos
1219 4245 1333 4306 Patrol.

272 4334 324 4395 iat.
345 4339 460 4412 Migne,
479 4345 549 4395 tom.
571 4341 693 4396 LXVII.
