3058 4960
652 469 762 538 -.19
785 507 830 520 -

210 694 289 764 erit.
318 693 396 764 Etsi
424 692 612 786 aliquibus
636 687 759 763 'visum
789 703 845 764 est
869 694 1109 765 Vincentium
1137 695 1175 766 in
1201 697 1275 766 Auss

209 838 403 926 guatinum
434 838 503 908 tela
537 837 706 926 dirigere,
738 859 854 930 eoque
885 842 1159 927 Pelopium‘smi
1189 848 1274 908 nota

210 983 319 1063 affici,
341 984 439 1074 quod
464 982 583 1073 ipsius
603 983 794 1051 memoriae
824 1004 937 1074 quam
961 1002 1072 1070 grave
1099 984 1147 1053 sit
1166 1005 1275 1052 nemo

210 1149 286 1196 non
306 1127 414 1208 videt,
436 1127 479 1196 de
500 1127 570 1196 hac
590 1146 629 1196 rc
647 1135 770 1196 tamen
796 1148 881 1197 cum
907 1127 1094 1217 proposito
1111 1130 1158 1218 (1)
1184 1127 1275 1197 satis

209 1270 414 1351 conveniat,
432 1269 571 1362 aliquid
587 1278 712 1360 postea
729 1291 797 1340 suo
814 1271 893 1339 loco
912 1270 1065 1341 dicetur.
1084 1271 1154 1341 Sed
1175 1293 1275 1342 nunc

209 1424 250 1484 ut
276 1414 398 1504 potius
426 1413 613 1483 Vincentii
635 1414 806 1484 virtutem
828 1414 1043 1483 litterariam
1067 1415 1274 1485 indicemus
1318 1414 1322 1421 '

157 1617 159 1621 .
210 1578 268 1627 res
287 1557 416 1647 poscit.
438 1558 554 1625 Porro
576 1541 669 1624 eum*
683 1556 791 1625 nobis
817 1578 856 1626 se
876 1557 1016 1647 praebet
1038 1557 1272 1638 Vincentius,

209 1701 273 1792 qui
311 1722 331 1769 a
369 1699 505 1768 teneris
543 1699 654 1768 annis
701 1698 832 1768 litteris
878 1699 1054 1769 humanis
1094 1699 1272 1781 imbutus

209 1845 320 1914 rebus
341 1843 557 1930 theologicis
581 1865 675 1928 quas
702 1851 828 1933 postea
849 1843 998 1934 scriptis
1018 1843 1098 1913 suis
1119 1853 1275 1913 tractare

208 2008 410 2076 aggressus
443 1995 510 2068 est,
544 2008 638 2057 eum·
667 1987 826 2057 colorem
860 1987 1056 2078 antiquum
1089 2009 1208 2081 quem
1227 1989 1273 2057 ab

208 2131 482 2221 exemplaribus
503 2131 669 2221 profanis
696 2140 888 2201 mutuatus
915 2138 982 2213 est,
1004 2132 1162 2216 addidit3
1187 2133 1273 2203 libe-

208 2275 416 2366 raliumque
444 2275 580 2345 artium
609 2275 659 2344 ita
688 2275 829 2365 peritus
854 2275 1003 2365 habitus
1023 2284 1090 2357 est,
1122 2284 1162 2346 ut
1188 2298 1272 2346 cum

125 2413 129 2424 ’
170 2429 172 2433 “
208 2418 381 2487 Salviano
411 2418 551 2487 Salonii
584 2407 797 2508 Veraniquc
830 2428 1033 2509 praeceptor
1063 2419 1270 2508 eligeretur.

206 2562 386 2653 Equidem
420 2561 619 2652 perlegenti
654 2565 984 2632 Commonitorium
1016 2563 1139 2651 imago
1173 2586 1272 2656 quae-

206 2709 292 2778 dam
313 2707 404 2776 artis
427 2707 592 2798 antiquae
611 2707 790 2794 exsurgit,
817 2728 902 2776 cum
927 2707 1148 2797 opusculum
1173 2708 1271 2778 istud

207 2861 303 2921 terso
333 2872 516 2932 sermone,
547 2860 629 2941 apta
660 2858 695 2918 et
718 2849 832 2920 habili
861 2871 985 2919 rerum
1014 2851 1268 2941 dispositione,

206 2995 320 3065 multa
342 2995 537 3064 verborum
565 2994 784 3085 proprietate
811 2993 859 3062 sit
884 2975 1143 3084 compositum.
1172 2967 1271 3064 Licet

208 3159 283 3207 non
316 3139 439 3207 omnis
466 3138 569 3207 abest
601 3146 906 3207 ornamentorum
941 3137 1071 3206 vitiosa
1105 3137 1267 3228 irreptio,

206 3289 369 3350 attamen
393 3281 443 3350 ita
465 3280 556 3349 levia
578 3301 734 3371 raraque
761 3279 1019 3360 admittuntur,
1050 3289 1090 3349 ut
1115 3281 1269 3350 severio-

207 3445 284 3493 rem
304 3423 535 3514 antiquitatis
549 3423 792 3492 imitationem
809 3423 1003 3493 exturbare
1020 3444 1095 3492 non
1110 3423 1267 3497 valeant.

206 3568 467 3648 Quamobrem,
493 3568 576 3658 jure
601 3567 805 3658 meritoque
830 3561 987 3637 Ebertus
1014 3569 1053 3636 in
1073 3569 1269 3639 Vincentio

205 3711 348 3802 antiqui
378 3712 563 3782 sermonis
590 3712 693 3781 latini
719 3712 877 3800 liguram
902 3711 1059 3782 miratur
1079 3715 1140 3802 (2).
1175 3715 1269 3784 Gen-

241 4006 279 4078 (Ι)
301 4003 407 4062 Gorini
429 4023 434 4062 :
458 4007 591 4081 Dc'fense
611 4012 649 4064 de
672 4007 807 4078 t’Eplise,
832 4007 862 4063 8⁰
884 4007 967 4076 edit,
991 4009 1074 4082 Lyon
1098 4008 1177 4074 1878,
1201 4015 1220 4064 t.
1246 4011 1268 4075 Ι,

205 4122 234 4177 p.
251 4103 311 4159 llo.
329 4137 363 4144 -
378 4106 467 4160 Goux
483 4127 491 4160 :
506 4105 619 4160 Lerins
635 4123 678 4161 au
699 4109 731 4159 Ve
749 4105 852 4173 sie'cle,
869 4125 898 4179 p.
916 4105 967 4161 117
980 4111 1010 4162 et
1025 4124 1090 4180 seq.

240 4202 279 4273 (2)
292 4202 472 4259 Geschicitte
488 4202 728 4261 cerumtamen
746 4203 955 4262 lateinischen
971 4204 1131 4276 literatior,
1146 4205 1197 4262 lib.
1214 4207 1266 4278 ΙΙΙ,

205 4316 270 4373 cap.
287 4299 403 4358 XVlll.
