3072 4956
740 491 941 557 -104-
1023 567 1034 590 ,

306 713 376 782 sibi
416 713 566 783 Caesurii
605 734 741 782 nomen
780 716 954 802 praei'erre
991 713 1175 782 videntur.
1221 712 1371 785 initium

308 857 408 925 enim
443 856 667 947 propemodo
699 866 941 946 sumpserunt
969 877 988 924 e
1016 857 1173 925 concilio
1199 857 1373 937 Vnsensi,

303 1001 361 1068 cui
387 999 536 1088 praefuit
570 999 754 1068 Caesorius
786 1021 792 1065 :
828 999 979 1085 Legitur
1011 999 1111 1068 enim
1146 999 1185 1067 in
1222 1000 1373 1068 Canone

302 1145 422 1232 primo
441 1143 553 1232 hujus
568 1143 714 1212 concilii
732 1165 740 1209 :
759 1167 781 1210 «.
793 1144 872 1210 Hoc
891 1143 991 1211 enim
1013 1143 1161 1232 placuit,
1179 1152 1220 1212 ut
1240 1164 1373 1212 omnes

304 1286 575 1376 «presbyteros
618 1285 680 1376 qui
725 1294 813 1354 sunt
852 1286 892 1353 in
934 1276 1121 1375 parochiis
1166 1286 1371 1365 constituti,

304 1457 319 1495 «
342 1431 546 1499 secundum
567 1429 872 1498 consuetudinem
888 1451 1000 1519 quum
1017 1451 1082 1519 per
1097 1439 1211 1498 totum
1228 1430 1370 1500 ltolinm

304 1601 320 1638 «
342 1574 434 1644 sutis
458 1573 656 1642 sulubriter
677 1574 790 1642 teneri
825 1575 1081 1660 cognovimus,
1107 1573 1279 1663 juniores
1305 1576 1372 1644 lec-

303 1727 440 1786 «tores
484 1727 805 1806 quantoscumque
858 1716 939 1784 sine
990 1737 1106 1784 uxore
1158 1717 1369 1798 habuerint,

302 1889 318 1926 «
341 1879 468 1930 secum
489 1860 527 1926 in
554 1857 677 1939 domo,
708 1861 769 1928 ubi
798 1860 867 1949 ipsi
888 1859 1055 1928 habiture
1075 1860 1259 1942 videntur,
1284 1862 1371 1930 reci-

302 2033 318 2070 «
340 2007 455 2096 piant,
495 2015 529 2074 et
568 2026 632 2074 eos
664 2004 849 2094 quomodo
882 2005 968 2073 boni
998 2014 1121 2095 potres
1155 2007 1370 2096 spirituliter

301 2149 558 2228 «nutrientes
594 2147 759 2237 psulmos
793 2169 934 2236 perere,
976 2149 1113 2218 divinis
1147 2151 1369 2221 lectionibus

300 2293 524 2372 «insistere,
551 2300 584 2360 et
604 2291 643 2359 in
664 2291 742 2377 lege
760 2291 901 2359 domini
926 2292 1071 2361 erudire
1101 2295 1330 2365 contendent
1358 2318 1365 2363 :

299 2444 440 2504 «utet
470 2435 540 2504 sibi
570 2435 705 2521 dignos
734 2427 969 2503 successores
1003 2435 1220 2524 provideant
1254 2445 1290 2504 et
1322 2437 1368 2504 ad

298 2604 314 2643 t(
337 2578 490 2646 omnino
511 2576 664 2666 preemin
696 2586 835 2644 eeternu
866 2577 1055 2665 recipiunt.
1092 2579 1185 2647 Cum
1210 2599 1297 2646 vero
1321 2579 1366 2648 ud

298 2747 314 2786 «
336 2728 482 2788 eetotem
511 2719 707 2807 perfectum
735 2718 979 2808 pervenerint,
1012 2720 1044 2788 si
1074 2720 1211 2812 uliquis
1236 2743 1365 2791 eorum

297 2885 402 2953 «pro
439 2862 564 2931 carnis
602 2861 797 2948 fragilitate
831 2883 984 2931 uxorem
1023 2863 1158 2932 hebere
1194 2865 1364 2946 voluerit,

296 3033 313 3070 «
335 3014 497 3096 potestas
513 3005 544 3073 ei
564 3003 721 3072 ducendi
742 3004 957 3093 conjugium
984 3028 1059 3074 non
1083 3016 1239 3094 negetur
1261 3034 1277 3072 »
1302 3011 1363 3098 (1).

294 3151 374 3229 Quo
399 3147 581 3216 Vesensis
610 3146 755 3215 concilii
785 3168 939 3228 conone,
969 3149 1000 3217 si
1021 3151 1129 3218 verbu
1152 3152 1363 3240 perpendis

293 3292 401 3383 quasi
440 3289 655 3359 adumbrari
699 3290 768 3359 hes
812 3291 1083 3374 institutiones,
1131 3316 1218 3384 quse
1264 3317 1365 3364 nuno

293 3434 497 3508 seminaria
515 3442 648 3502 vocent
667 3433 851 3513 existimo,
878 3456 962 3503 cum
987 3435 1037 3504 ibi
1058 3436 1160 3505 nulla
1181 3437 1253 3506 aliu
1274 3460 1363 3507 cure

292 3579 461 3658 ducetur,
501 3576 574 3644 nisi
609 3585 649 3644 ut
680 3576 820 3666 possim
859 3576 988 3644 litteris
1022 3577 1074 3646 illi
1113 3579 1364 3650 informentur

293 3743 387 3812 quos
414 3720 527 3789 duces
554 3729 588 3788 et
622 3727 781 3788 rectores
801 3719 911 3806 vulgo
945 3719 1107 3790 ecetesiae
1135 3721 1360 3792 habebunt:

291 3863 390 3955 quod
413 3863 582 3954 equidem
603 3862 815 3931 scholarum
844 3869 899 3929 est
918 3884 1070 3932 munus
1101 3866 1218 3934 Porro
1238 3875 1362 3935 aucto·

293 3998 436 4066 ritutem
458 3996 610 4066 Caesarii
631 4016 846 4085 expressum
867 4015 907 4064 ea
929 4006 1061 4065 novate
1082 3997 1267 4070 institutio
1287 4023 1362 4091 prae

328 4223 367 4297 (1)
386 4227 597 4280 sacrosancta
619 4219 770 4278 Concilio.
797 4219 909 4288 Lebhe,
936 4226 955 4274 t.
980 4221 1030 4291 IV,
1055 4239 1084 4294 p.
1110 4221 1190 4278 1679.
1217 4225 1360 4290 Lutetiae,

289 4314 389 4384 -PariS,
406 4313 486 4368 1671.
