3058 4960
633 491 812 572 ..49-

186 735 271 784 cum
316 717 498 784 Achillem
545 717 684 784 videret
720 719 924 796 caelicolum
929 770 994 784 .....
1043 725 1107 786 aut
1145 721 1256 790 Verba

186 861 363 928 Meooelci
409 881 492 928 cum
542 864 693 929 Pratum
737 863 875 928 uideret
912 869 1081 930 amusium
1086 914 1152 929 .....
1202 862 1258 932 vel

195 1003 308 1071 Verbo
330 1005 487 1072 lunonis
517 1025 600 1071 cum
624 1005 784 1073 doleam
803 1007 942 1072 uideret
957 1000 1090 1090 parem
1118 1008 1258 1074 uiribus

187 1148 361 1213 Herculis
387 1149 573 1214 adstitisse
593 1147 641 1234 (1)
672 1137 900 1234 effingerent.
927 1147 1149 1217 Lerinenses
1173 1169 1259 1236 vero

188 1288 362 1379 discipuli
383 1289 427 1358 de
448 1289 641 1359 servandis
661 1290 908 1378 dogmatibus,
930 1290 974 1360 de
994 1291 1159 1360 libertate
1174 1314 1259 1384 qnae

189 1433 299 1502 datur
320 1431 476 1512 homini,
505 1432 550 1501 de
577 1441 708 1502 natura
736 1433 873 1502 animae
901 1433 1078 1504 humanae
1105 1435 1260 1505 libenter

188 1575 422 1644 disserebant
442 1576 503 1663 (2),
531 1583 641 1666 atque
667 1576 716 1644 ita
742 1584 949 1666 porcetum
975 1576 1025 1644 rei
1046 1576 1259 1664 grammati-

187 1741 255 1799 cae,
279 1727 357 1787 tum
383 1717 577 1788 rhetoricae
603 1740 753 1826 operam
782 1703 1001 1800 dabantur
1027 1721 1073 1792 ad
1099 1720 1259 1811 philoso-

190 1864 318 1954 phiam
340 1863 636 1956 theologiamque
661 1884 700 1932 se
720 1872 985 1943 converterent,
1012 1863 1260 1955 insulanaque

190 2006 332 2088 schola,
365 2015 443 2075 turn
472 2006 519 2076 nd
549 2005 837 2096 philosophicas
870 2015 947 2074 turn
968 2006 1014 2074 ad
1034 2005 1259 2094 theologicas
1318 2019 1322 2023 ’

188 2151 419 2244 quaestiones
434 2150 666 2231 evolvendas
685 2152 821 2219 Fausto
841 2152 874 2218 V
877 2150 1083 2219 incentiove
1102 2150 1259 2240 auspici-

187 2297 271 2376 bus
300 2316 383 2364 sese
407 2293 581 2364 libentius
606 2294 911 2364 accommodaret.
944 2293 1049 2374 Quod
1079 2314 1154 2362 non
1181 2302 1259 2361 tan-

189 2447 269 2510 turn
289 2460 335 2508 ex
354 2437 619 2507 Lerinensinrn
636 2437 901 2525 magistrorum
921 2437 1026 2506 libris
1054 2477 1098 2488 -
1123 2436 1260 2527 quihus

190 2591 318 2652 tamen
338 2580 462 2671 aliquo
483 2581 592 2650 modo
613 2580 693 2649 luce
717 2581 814 2649 clara
841 2602 899 2648 res
928 2589 1090 2670 apparet,
1111 2619 1155 2630 -
1175 2601 1260 2649 curn

189 2724 300 2794 luerit
319 2726 480 2794 Faustus
507 2743 616 2814 quern
645 2722 822 2792 Sidonius
851 2721 1115 2791 existimaverit
1143 2721 1259 2812 philo·

187 2864 360 2958 sophiam
388 2867 459 2936 sihi
490 2866 659 2957 rapuisse
688 2875 722 2936 et
746 2865 936 2957 jugavisse
957 2868 1025 2954 (3);
1054 2865 1118 2934 sed
1149 2864 1258 2933 etiarn

188 3033 234 3082 ex
263 3011 323 3080 his
352 3032 437 3106 quae
471 3009 525 3082 vel
557 3030 577 3078 a
604 3009 797 3100 discipulis
826 2976 1093 3078 Lerinensihus
1124 3007 1258 3096 scripta

189 3156 353 3234 fuerunt,
375 3154 430 3222 vel
451 3174 579 3223 eorum
600 3161 760 3221 mentem
777 3152 1057 3242 doctrinamque
1076 3151 1258 3242 aperiunt.

189 3300 349 3367 Interea
370 3298 571 3389 dequibus
602 3319 622 3366 a
651 3295 802 3366 Salonio
824 3317 892 3366 suo
921 3296 1170 3384 interrogatur
1190 3298 1260 3364 Eu·
1319 3325 1321 3330 ,

189 3441 352 3522 chorius,
393 3441 508 3510 multa
550 3449 638 3509 sunt
675 3462 760 3531 quae
798 3448 958 3509 mentern
993 3439 1259 3529 philosophicis

191 3585 302 3654 rebus
331 3586 392 3673 (4),
432 3583 487 3652 vel
521 3583 630 3653 etiarn
669 3582 910 3661 difficillimis,
940 3581 1100 3650 deditam
1139 3590 1259 3650 osten-

120 3825 124 3835 Ι
189 3729 314 3797 dunt:
344 3731 435 3797 Cum
459 3731 583 3796 occulo
605 3729 693 3795 hono
719 3729 812 3794 Deus
832 3729 974 3812 fecerit,
998 3729 1160 3812 nihilque
1188 3747 1259 3793 non

189 3873 232 3940 ch
262 3873 326 3940 illo
350 3874 495 3957 fuctum
519 3873 580 3946 sit,
607 3861 700 3938 ualde
724 3873 896 3939 recolunt?
901 3923 967 3938 .....
989 3872 1081 3946 octo
1105 3875 1147 3938 de
1168 3877 1258 3938 lene·

224 4099 264 4169 (Ι)
280 4098 452 4154 Ennodius.
473 4095 626 4152 chlioucs
643 4095 991 4164 xxv-xxvl-xxvll,
1005 4113 1072 4169 pag.
1087 4095 1139 4154 500
1150 4099 1180 4150 et
1192 4111 1262 4167 serp

224 4199 264 4269 (2)
280 4198 325 4254 Cf.
343 4195 497 4252 Vincentii
511 4193 689 4249 Lerinensis
705 4199 735 4249 et
753 4193 857 4250 Fausti
874 4211 977 4268 opera.
1054 4235 1056 4240 -

224 4297 265 4367 (3)
278 4295 384 4352 Sidon.
401 4293 503 4368 Apolli
519 4309 622 4366 opera.
640 4291 658 4344 1.
677 4291 727 4358 ΙΧ,
746 4293 834 4365 epist.
851 4293 877 4349 9.

225 4395 265 4466 (4)
278 4397 431 4450 Instruct.
450 4391 500 4447 lib.
517 4391 538 4445 l.
556 4389 669 4446 Patrol.
687 4389 750 4458 lat,
765 4389 822 4446 col.
841 4390 967 4460 trouu,
984 4396 1004 4445 t.
1022 4391 1054 4452 L.
