3058 4960
644 500 821 568 ..29-

203 721 526 792 «Deuteronomio
571 723 795 813 astipulante
845 725 1064 804 nubentem,
1116 724 1265 795 domine

203 892 219 930 «
240 869 353 956 Papa,
383 865 446 935 tibi
471 866 610 956 jugasti
637 890 643 934 :
672 889 784 958 quam
810 876 861 947 tu,
890 867 1012 936 adhuc
1033 868 1182 958 juvenis
1211 869 1264 937 in-

203 1036 219 1074 «
242 1019 295 1079 ter
325 1009 479 1078 hostiles
510 1009 746 1099 conspicatus
779 1019 957 1091 catervas,
985 1020 1094 1102 atque
1122 1012 1198 1080 illic
1226 1013 1264 1080 in

202 1179 218 1217 a
240 1153 317 1222 acie
341 1152 535 1222 contrariae
561 1153 677 1242 partis
706 1153 965 1234 adamantem,
981 1154 1073 1223 nihil
1101 1177 1164 1244 per
1183 1156 1265 1225 obs-

202 1322 218 1361 «
241 1304 360 1366 tantes
402 1296 572 1386 repulsus
612 1296 860 1386 proeliatores,
903 1297 1074 1366 desiderii
1114 1298 1265 1367 brachio
1370 1349 1374 1352 -

203 1470 219 1508 a
240 1444 380 1512 ricente
400 1441 567 1532 rapuisti,
590 1429 864 1532 philosophiam
882 1441 1020 1510 scilicet
1025 1497 1090 1511 .....
1113 1444 1200 1512 Hrcc
1219 1445 1265 1512 ab

203 1614 218 1653 «
241 1588 352 1656 annis
384 1595 504 1656 restra
529 1586 750 1676 jamdudum
779 1587 997 1678 pedissequa
1025 1588 1263 1678 primoribus,

203 1755 219 1793 a
242 1729 320 1798 haec
339 1737 401 1797 tuo
423 1727 526 1796 lateri
546 1749 670 1796 comes
691 1728 963 1818 inseparabilis,
987 1729 1063 1798 sire
1082 1729 1121 1796 in
1137 1730 1265 1819 paleas-

203 1896 219 1934 «
242 1869 308 1938 tris
328 1890 536 1938 exercerere
556 1869 724 1949 urbanis,
747 1869 823 1938 sire
843 1869 881 1944 in
902 1870 1086 1940 abstrusis
1106 1891 1265 1938 macera-

203 2041 219 2079 «
242 2035 320 2083 rere
340 2013 605 2083 solitudinibus
628 2039 644 2078 »
667 2015 727 2102 (l).
756 2013 864 2082 Liber
883 2013 928 2082 de
948 2013 1073 2082 anima
1092 2034 1265 2103 corporea

202 2178 311 2248 quem
350 2156 619 2225 confutandum
658 2177 767 2245 opere
805 2177 873 2225 suo
910 2156 955 2224 de
988 2158 1097 2226 Statu
1131 2159 1267 2225 aaziae

201 2302 406 2368 Mamertus
437 2299 665 2368 Claudianus
692 2299 865 2388 suscepit,
895 2299 1016 2388 inepte
1042 2301 1178 2366 Fausto
1205 2298 1266 2367 tri-

203 2444 340 2522 buitur,
366 2464 450 2511 cum
472 2443 593 2510 solum
611 2442 707 2532 juris
728 2442 863 2532 publici
884 2463 969 2510 eum
996 2444 1157 2510 Faustus
1177 2443 1266 2510 fece-

203 2587 261 2667 rit,
300 2588 578 2677 Mamertusque
617 2589 773 2654 fateatur
810 2585 972 2656 auctoris
1016 2606 1151 2654 nomen
1191 2605 1265 2651 non

202 2738 372 2799 constare
402 2752 410 2798 ε
446 2713 678 2819 «percontor
706 2730 750 2797 de
777 2729 940 2808 nomine,
972 2750 1039 2797 nec
1074 2749 1264 2817 responso,

204 2902 220 2940 «
243 2898 309 2944 nec
325 2875 460 2966 scripto
480 2875 648 2965 proditur
670 2901 685 2939 a
709 2876 770 2962 (2).

246 3021 329 3087 Non
350 3018 476 3087 minus
491 3017 653 3105 insignis
669 3016 737 3084 fuit
757 3015 942 3095 laudibus,
968 3038 1062 3106 quas
1087 3015 1125 3082 in
1145 3014 1266 3083 dicen-

202 3163 248 3232 do
286 3163 440 3251 adeptus
478 3170 533 3230 est
566 3162 739 3240 Faustus,
779 3180 890 3250 quam
926 3157 1266 3248 philosophicarum

201 3304 454 3374 doctrinarum
473 3303 639 3372 scientia.
672 3303 750 3370 Hac
772 3301 810 3370 in
838 3324 876 3370 re
902 3301 1035 3370 iterum
1060 3300 1267 3369 audiendus

202 3458 257 3518 est
286 3447 473 3527 Sidonius,
509 3446 612 3516 testis
646 3448 782 3529 Fausto
810 3444 1062 3513 amicissimus
1092 3467 1099 3512 :
1128 3443 1267 3512 «Licet

204 3617 220 3655 a
242 3590 341 3659 enim
366 3589 644 3680 praedicationes
677 3597 759 3658 tuas
789 3610 890 3656 nunc
915 3586 1137 3676 repentinas,
1167 3607 1268 3653 nunc

204 3759 220 3798 a
244 3734 336 3802 ratio
361 3755 446 3802 cum
470 3733 698 3822 poposcisset
717 3731 963 3810 elucubratae,
987 3750 1122 3797 raucus
1142 3728 1268 3817 plosor

206 3876 435 3956 «audierim,
476 3884 562 3944 tunc
596 3875 777 3965 praecipue
810 3895 895 3942 cum
933 3873 971 3941 in
1005 3871 1268 3959 Lugdunensis

205 4045 222 4084 a
245 4019 406 4088 ecclesiae
426 4019 600 4088 dedicatae
620 4019 724 4088 lestis
742 4018 1023 4090 hebdomalibus
1043 4016 1284 4103 collegarum·

206 4169 568 4231 «sacrosanctorum
602 4161 808 4230 exorareris
841 4170 882 4230 ut
905 4181 1116 4250 perorares3
1152 4156 1200 4226 ibi
1236 4166 1268 4225 te

240 4333 278 4404 (1)
296 4333 359 4388 Lib.
379 4333 431 4400 lX,
449 4333 537 4406 dpist.
554 4333 580 4387 9,
636 4369 637 4372 =

243 4432 282 4508 (2)
302 4435 343 4490 De
359 4437 444 4489 statu
460 4431 589 4489 (irritare.
604 4431 668 4486 Lib.
686 4432 707 4499 l,
721 4446 786 4503 cap.
806 4431 826 4486 l.
