3058 4960
691 447 869 520 ..44-

248 685 282 744 et
300 673 415 744 animi
435 674 622 745 alacritate
642 675 833 766 praeditus,
856 696 987 744 versus
1009 659 1239 763 componens
1260 665 1315 742 in·

216 796 220 803 ¹
247 818 391 887 terdum
411 818 665 888 delectaretur.

292 961 396 1040 Quod
416 961 565 1051 quidem
584 962 639 1032 vel
664 961 804 1052 majore
830 961 911 1030 luce
942 960 1170 1040 claresceret,
1199 959 1230 1028 si
1259 959 1316 1028 fas

248 1112 346 1172 esset
379 1125 568 1173 recensere
594 1125 706 1194 quam
734 1103 853 1184 multi,
888 1104 944 1172 vel
971 1104 1067 1172 intra
1099 1102 1315 1172 monasterii

248 1247 399 1327 maenia,
421 1247 476 1316 vel
497 1247 663 1316 abdicata
690 1247 883 1315 Lerinensi
911 1243 1040 1315 militia
1066 1255 1106 1314 ut
1129 1246 1316 1334 episcopo-

249 1411 331 1458 rum
370 1399 494 1480 partes
532 1399 694 1478 agerent,
734 1390 909 1460 mediocri
945 1390 1075 1459 saltem
1110 1381 1316 1458 litterarum

248 1531 356 1601 laude
379 1532 573 1601 floruerint
600 1555 606 1600 :
634 1553 746 1622 quam
774 1532 1026 1601 recensionem
1054 1530 1317 1622 opportuniore

247 1675 327 1742 loco
344 1684 468 1764 postea
499 1696 613 1743 manu
642 1675 822 1762 attingere
849 1675 887 1743 in
909 1674 1096 1764 proposito
1123 1683 1190 1742 est.
1221 1673 1317 1742 Edu-

247 1818 378 1888 candis
398 1819 496 1887 enim
519 1818 702 1907 episcopis
729 1839 841 1909 quam
866 1827 948 1907 apte
972 1817 1166 1886 conveniat
1187 1817 1320 1886 huma.

248 1982 381 2030 narum
404 1961 608 2030 litterarum
629 1961 750 2030 cultus
773 1970 895 2050 aperte
915 1961 1075 2030 declarat
1095 1960 1316 2040 Celestinus,

248 2127 425 2176 summus
441 2107 624 2187 Pontifex,
642 2107 680 2174 in
701 2129 769 2177 sua
790 2108 835 2176 ad
858 2107 1050 2198 episcopos
1069 2108 1314 2177 Narbonnen-

254 2249 307 2318 sis
327 2250 527 2339 provinciae
556 2251 723 2340 epistola,
759 2273 830 2341 qua
865 2272 928 2319 eos
961 2251 1023 2341 qui
1057 2272 1078 2318 a
1108 2250 1315 2320 litterarum

248 2392 370 2461 studio
400 2392 643 2462 recedendum
671 2401 813 2483 putant,
846 2393 1080 2462 vehementer
1099 2393 1315 2482 improbat:

250 2560 265 2599 α
288 2533 326 2602 Si
346 2535 430 2624 quis
450 2535 604 2604 minime
624 2535 754 2604 litteris
774 2555 923 2624 operam
944 2535 1095 2614 dederit,
1113 2545 1319 2625 praeceptor

250 2701 371 2748 «esse
403 2701 477 2748 non
509 2689 627 2769 potest
652 2679 856 2748 litterarum
886 2707 902 2744 »
932 2681 993 2768 (1).
1030 2681 1108 2760 Qua
1135 2651 1317 2754 sententia

248 2822 420 2892 laudatus
436 2823 608 2892 Pontifex
624 2824 728 2914 jubet
748 2845 823 2903 eoa,
847 2833 1046 2914 antequam
1070 2824 1318 2915 episcopalem

182 2941 185 2948 ⁴
247 2965 463 3052 dignitatem
484 2967 671 3046 accedant,
699 2967 838 3036 litteras
867 2967 905 3034 in
928 2966 1067 3036 scholis
1087 2967 1228 3037 discere
1254 2969 1318 3060 qui

248 3117 373 3197 postea
394 3108 564 3194 magistri
586 3107 745 3178 habendi
767 3109 854 3176 sint.
877 3109 969 3177 Cum
990 3130 1076 3177 vcro
1097 3109 1194 3178 inter
1213 3111 1318 3179 scho-
1353 3171 1356 3176 .

249 3249 304 3316 las
324 3270 409 3339 quae
432 3249 501 3318 hac
520 3248 647 3318 eadem
675 3258 783 3318 aetate
807 3250 1000 3340 episcopos
1020 3251 1316 3332 informaverint,

248 3391 478 3480 praecipuum
501 3393 622 3461 locum
643 3393 806 3462 obtineat
820 3393 1035 3462 Lerinensis
1055 3393 1251 3476 institutio,
1274 3417 1322 3464 ea-

247 3534 292 3603 de
327 3556 439 3604 causa
468 3535 559 3604 satis
593 3536 763 3605 innuitur
800 3537 845 3606 ad
885 3536 1042 3605 formam
1081 3559 1101 3606 a
1134 3539 1318 3608 Celestino

248 3679 504 3767 praescriptam
531 3680 783 3748 adolescentes
815 3679 1037 3749 erudiendos
1063 3703 1082 3749 a
1109 3681 1319 3752 Lerinensi·

247 3820 318 3889 bus
339 3819 453 3889 fnisse
474 3831 679 3911 susceptos

291 3962 382 4030 Eam
413 3983 497 4032 vero
526 3964 684 4032 formam
717 3983 917 4053 puerorum
951 3964 1081 4035 litteris
1115 3966 1317 4037 informan-

246 4102 379 4174 dorum
410 4105 517 4196 qnasi
551 4107 691 4194 gradus
725 4107 850 4196 plnres
886 4107 925 4175 in
960 4109 1085 4178 schola
1120 4111 1317 4180 Lerinensi

282 4301 321 4376 (l)
337 4301 510 4374 patrologia
527 4302 590 4369 lat,
607 4309 626 4358 t.
645 4303 678 4370 L,
692 4302 749 4362 eol.
766 4303 828 4362 433.
