3058 4960
501 948 710 1037 CAPUT
749 947 994 1036 PRIMUM

277 1498 329 1551 AN
355 1495 582 1552 toarnensis
609 1494 748 1546 rusum
774 1492 919 1546 senona
944 1492 994 1546 An
1019 1491 1216 1546 ooanuoos

355 1647 670 1702 anouasenurus
701 1645 913 1700 msrnueut
939 1623 1111 1699 aunnrr‘l

257 1915 348 1982 Cum
382 1935 421 1981 ea
453 1912 501 1980 sit
529 1911 734 1980 monastiea
764 1909 950 1978 institutio
979 1931 1063 2000 quae
1090 1908 1135 1977 ad
1155 1927 1278 1977 mores

211 2059 304 2127 bene
332 2055 590 2124 informandos
619 2062 767 2145 spectet,
803 2053 912 2144 idque
942 2052 1013 2121 sibi
1044 2051 1279 2142 proposuerit

211 2201 426 2268 Honoratus
446 2207 487 2267 ut
506 2198 638 2286 agendi
660 2197 840 2266 rationem
861 2196 1099 2286 potiusquam
1125 2215 1278 2286 gymna-

211 2345 309 2413 sium
343 2344 388 2413 ad
415 2344 621 2413 edocendos
650 2364 785 2432 pueros
813 2343 1033 2422 institueret,
1073 2340 1198 2409 statim
1232 2340 1278 2408 ab
1390 2355 1393 2360 ·

211 2487 324 2576 hujus
353 2485 465 2554 libelli
492 2485 642 2554 exordio
669 2485 856 2576 inquirere
884 2505 1033 2553 neeesse
1062 2492 1117 2552 est
1137 2491 1275 2563 utrum,

211 2651 250 2698 ea
272 2629 317 2698 de
336 2651 408 2720 qua
429 2629 551 2716 egitur
571 2637 690 2709 aetate,
720 2629 758 2696 in
786 2629 909 2698 insula
935 2628 1128 2697 Lerinensi
1149 2626 1275 2695 sohola

210 2772 461 2841 adducendos
482 2792 615 2860 pueros
635 2772 812 2852 floruerit,
830 2793 878 2840 an
899 2771 1083 2840 institutio
1104 2769 1275 2874 religiosa

211 2922 355 2983 tantum
388 2935 473 3005 quae
507 2935 596 2982 suos
630 2914 803 2983 alumnos
837 2914 882 2983 ad
913 2914 1157 2983 monasticam
1192 2912 1277 2982 vitae

211 3058 391 3128 rationem
425 3057 690 3126 informaverit.
726 3057 862 3127 Eodem
897 3066 1001 3147 paeto
1035 3079 1119 3148 quae
1153 3079 1277 3128 causae

209 3199 349 3270 scholae
369 3200 561 3270 Lerinensi
582 3209 704 3269 ortum
725 3200 893 3270 dederint
912 3202 1133 3292 inquiretur.

253 3342 357 3422 Quod
379 3351 418 3412 ut
436 3344 503 3411 rite
522 3365 779 3435 assequamur,
802 3346 841 3413 in
862 3346 1081 3414 memoriam
1104 3366 1274 3414 revocan-

208 3486 297 3570 dum
336 3494 391 3554 est
428 3487 589 3575 primum
629 3508 710 3556 eam
746 3509 821 3557 non
855 3489 971 3557 fuisse
1004 3489 1275 3558 institutionem

209 3627 460 3707 Lei-inensem,
483 3649 567 3718 quae
590 3650 635 3696 ex
655 3630 817 3698 auctoris
844 3631 902 3698 sui
929 3630 1079 3716 ingenio
1099 3631 1275 3700 omnihus

209 3771 324 3838 armis
362 3771 542 3840 instructa
581 3773 801 3861 processerit
837 3796 843 3840 :
886 3773 1002 3842 multo
1036 3775 1159 3842 verius
1193 3796 1274 3843 eam

208 3934 295 3982 mox
315 3913 556 3995 increbuisse,
575 3915 761 4006 hujusque
777 3917 898 3986 aetatis
914 3917 1152 4007 conspirante
1172 3919 1273 3986 varia
1360 3995 1362 4000 ,

209 4057 369 4136 fortuna,
398 4057 506 4147 eujus
531 4057 600 4126 hae
624 4059 663 4127 in
692 4081 805 4128 eausa
836 4061 998 4130 maxime
1024 4061 1191 4130 habenda
1221 4073 1276 4131 est

209 4198 314 4278 rati0,
345 4220 387 4267 eo
414 4199 606 4268 devenisse
633 4209 684 4281 ut,
715 4224 789 4270 non
817 4203 1012 4273 immutato
1033 4204 1190 4293 pristino
1212 4204 1273 4274 ha-

207 4339 298 4420 bitu,
321 4340 462 4430 primos
482 4342 552 4410 sihi
573 4344 781 4439 propositos
797 4345 890 4416 fines
912 4339 1022 4418 latius
1042 4348 1272 4432 extenderet;
