3058 4960
639 517 817 592 ..13-

193 751 439 834 sanctumque
458 741 579 811 virum
600 739 741 821 decent,
763 739 993 812 conformata
1014 740 1083 811 fuit
1101 739 1182 832 ejus
1206 739 1260 812 in-

193 887 309 968 doles
337 887 387 956 ita
415 895 455 955 ut
471 886 555 977 jure
574 884 779 975 meritoque
798 882 933 954 dixerit
957 883 1124 954 Hilarius
1147 907 1154 953 :
1182 886 1259 955 «Si

195 1050 306 1099 «suo
334 1029 486 1110 arbitrio
510 1027 646 1098 caritas
670 1027 909 1117 exprimenda
938 1037 1035 1097 esset
1039 1082 1105 1098 .....
1136 1030 1260 1099 Hono·

194 1172 302 1242 «rati
330 1172 433 1262 pingi
457 1172 604 1242 deberet
636 1170 740 1240 vultu
772 1195 789 1235 a
825 1172 886 1259 (1).
918 1170 987 1251 Qui
1017 1191 1102 1240 curn
1129 1171 1259 1259 viginti

193 1315 308 1386 ferme
327 1315 441 1385 annis
463 1314 657 1384 Lerinensi
682 1313 823 1382 scholae
847 1313 1069 1403 praefuisset,
1096 1314 1142 1384 ad
1166 1315 1259 1406 epis·
1330 1415 1333 1421 Ι

192 1468 365 1549 copatum
390 1466 549 1539 evectae,
575 1457 615 1526 in
641 1456 786 1527 civitate
814 1457 1023 1527 Arelatensi
1050 1457 1122 1528 vita
1149 1459 1259 1530 cessit

193 1603 479 1691 (CCCCXXIX).

207 1833 208 1836 Ἴ
236 1747 333 1816 Huic
356 1767 494 1827 amore,
525 1746 715 1816 communi
751 1745 880 1836 patria,
917 1737 1074 1817 forsitan
1107 1755 1142 1818 et
1173 1770 1258 1818 san-

191 1889 316 1977 guine,
343 1911 389 1958 ex
408 1889 584 1959 omnibus
608 1888 801 1979 discipulis
830 1889 1161 1980 conjunctissimus
1190 1891 1258 1963 fuit

190 2033 370 2103 Hilarius.
407 2033 442 2102 ls
475 2033 575 2102 enirn
609 2032 741 2102 Leucis
764 2033 957 2104 Tullorum
992 2056 1011 2106 e
1040 2034 1154 2104 nobili
1179 2036 1257 2106 loco

191 2185 308 2257 ortua,
330 2198 415 2247 curn
437 2175 652 2245 liberalibus
672 2175 807 2246 studiis
827 2176 1056 2268 aliquamdiu
1076 2188 1255 2261 vacasset,

191 2320 346 2410 profano
381 2319 466 2399 ritu,
497 2328 537 2388 ut
565 2302 701 2399 ferunt,
732 2341 772 2388 se
799 2319 934 2389 habere
962 2321 1084 2411 coepit.
1114 2322 1257 2402 Quibus

189 2472 314 2533 autem
338 2462 519 2532 Honorati
540 2462 712 2552 precibus
738 2472 773 2533 et
803 2463 930 2544 minis,
959 2480 1030 2556 qua
1060 2466 1256 2536 verborum

190 2605 224 2675 vi
262 2604 522 2674 amantissima
561 2626 581 2674 a
615 2605 774 2695 pristino
807 2605 952 2677 vivendi
990 2628 1093 2685 more
1125 2608 1175 2678 ita
1209 2610 1257 2679 sit

191 2755 395 2829 revocatus
435 2756 475 2818 ut
509 2769 597 2817 mox
625 2749 798 2819 Lerinam
837 2749 1000 2820 insulam
1034 2760 1181 2841 peteret,
1217 2753 1255 2821 in

190 2892 339 2962 laudato
369 2912 540 2962 sermone
568 2891 647 2982 ipse
674 2893 838 2961 narravit
866 2895 926 2981 (2).
959 2894 1121 2982 Contigit
1145 2895 1255 2964 etiarn

189 3041 241 3114 ut,
264 3033 360 3102 inter
380 3033 521 3123 primos
547 3031 762 3101 Lerinensis
789 3032 928 3103 scholae
948 3033 1148 3122 magistros
1168 3035 1255 3106 emi-

190 3197 297 3257 nens
344 3175 482 3264 dignus
520 3184 618 3244 esset
654 3196 764 3266 quem
802 3176 1020 3258 Eucherius
1061 3177 1254 3249 Salonium

189 3341 301 3390 suurn
326 3318 533 3410 alloquens,
564 3328 882 3401 commemoraret,
913 3319 1067 3411 ejusque
1094 3321 1254 3416 discipli-

224 3615 261 3687 (1)
272 3615 406 3672 ibidem.

224 3741 262 3810 (2)
291 3763 302 3791 ‹
331 3741 525 3796 Haesitantiae
552 3757 640 3804 meae,
664 3741 816 3795 invitante
844 3741 893 3814 pio
919 3739 1053 3809 domino,
1078 3746 1253 3808 totuslcum

191 3863 201 3890 ‹
224 3838 433 3912 voluptatibus
459 3839 525 3893 suis
552 3838 687 3894 mundus
707 3837 848 3894 adstabat
874 3854 879 3893 :
908 3839 980 3912 quid
1006 3839 1254 3913 relinquendum,

191 3961 201 3988 ‹
224 3936 296 4010 quid
314 3935 520 4010 appetendum
540 3936 707 4000 videretur,
723 3937 846 3992 animus
870 3953 958 3993 meus
975 3942 1120 4011 tanquam
1136 3939 1254 3995 collatis

190 4059 201 4086 ι
224 4034 305 4109 apud
322 4035 454 4090 amicum
471 4033 650 4089 tractatibus
664 4033 839 4090 ventilabat.
857 4035 1006 4100 Quotiens
1022 4036 1052 4090 in
1068 4037 1170 4092 animo
1186 4053 1254 4092 meo

191 4156 202 4184 ‹
225 4133 304 4188 velle
320 4139 349 4188 et
364 4132 447 4188 nolle
462 4132 631 4188 successit!
648 4132 686 4186 Et
701 4131 773 4204 quid
789 4131 901 4207 plura‘l
922 4133 1059 4190 Absente
1083 4134 1135 4191 illo
1150 4139 1253 4209 partes

191 4254 202 4282 ‹
226 4249 299 4287 suas
315 4231 345 4286 in
359 4247 408 4286 me
423 4229 566 4286 Christus
582 4231 771 4304 exsequitur.
791 4251 801 4281 ι
819 4233 929 4288 Sermo
945 4235 982 4289 de
1002 4231 1071 4290 Vita
1085 4232 1252 4292 Honorati.

191 4353 202 4381 ‹
224 4329 339 4388 Patrol.
355 4330 407 4386 lat.
424 4328 457 4385 T.
475 4329 509 4398 L,
525 4327 582 4385 col.
599 4327 678 4385 1262.
