3072 4956
641 521 820 589 ...81-

197 756 272 825 vim
299 775 393 846 quae,
423 749 569 842 propria
590 747 734 825 virtute,
760 741 909 834 aliquod
929 762 1024 832 opus
1044 745 1264 829 supernatu-

200 899 267 968 rali
288 893 466 984 dignitate
481 892 669 984 pretioque
688 908 856 958 exercere
876 885 930 953 rel
952 883 1082 954 saltem
1104 880 1265 971 incipere

199 1041 329 1133 possit.
375 1041 484 1108 Hunc
530 1055 691 1106 errorem
741 1032 803 1123 qni
850 1029 1124 1116 Pelopium'satt'
1168 1023 1263 1092 riam

199 1185 362 1255 ineundo
391 1181 507 1251 multo
538 1179 663 1249 minus
689 1179 813 1246 tamen
837 1172 1011 1265 procedit,
1042 1171 1264 1242 Semi-Pelu-

186 1329 429 1418 piuaismum
449 1346 526 1395 aevo
542 1331 689 1414 postero
708 1319 894 1389 dixerunt.

244 1471 342 1542 Satis
361 1473 590 1558 compertum
617 1473 673 1534 est
698 1463 919 1533 Lerinenses
947 1461 985 1530 in
1005 1471 1100 1529 eam·
1114 1473 1264 1536 accusa-

199 1615 338 1686 tionem
358 1607 562 1680 incurrisse
581 1629 653 1698 qua
681 1601 1061 1692 Semi-Pelagianismi
1083 1607 1169 1670 nuta
1189 1600 1266 1670 asn-

198 1769 370 1832 ccrentur
390 1762 451 1848 (1).
480 1757 573 1827 Cum
592 1755 692 1826 enim
712 1753 758 1823 ad
775 1755 1009 1822 Honoratum
1026 1744 1266 1822 Eucherium-

197 1927 269 2000 que
290 1900 465 1973 direxerit
484 1897 688 1968 Cassianus
715 1917 778 1966 cas
805 1896 1040 1981 Collationes‚
1062 1918 1145 1988 quae
1164 1897 1266 1968 aber-

199 2053 343 2115 rantem
381 2047 529 2112 a‘vero
562 2039 769 2108 doctrinam
812 2038 1015 2119 continent,
1058 2038 1145 2108 huic
1189 2060 1265 2109 non

198 2185 371 2272 ambigue
394 2182 576 2252 assentire
604 2204 668 2250 eos
691 2181 918 2250 existimant.
947 2183 1022 2250 Nec
1048 2181 1184 2282 desunt
1203 2178 1265 2270 qui

198 2327 437 2400 Vincentium
464 2325 703 2396 Lerinensem
731 2326 769 2396 in
797 2325 1094 2414 Augustinianas
1121 2331 1266 2394 senten-

198 2473 281 2555 tiaS,
312 2473 459 2566 oblique
487 2473 649 2566 quidem,
683 2475 721 2543 in
751 2477 1037 2544 Cottarrauuitorio
1065 2494 1134 2542 suo
1160 2472 1265 2562 plura

197 2615 439 2705 explicavisse
460 2623 588 2706 putent
603 2618 665 2705 (2).
694 2615 869 2696 Quinimo
888 2625 923 2684 et
942 2616 1039 2685 idem
1059 2614 1103 2683 de
1123 2614 1265 2684 Hilario

87 2759 90 2763 ’
196 2763 473 2833 Arelatensi'el
504 2765 549 2834 de
581 2765 756 2836 Salviano
782 2765 969 2834 affirmare
1004 2765 1139 2833 liceret.
1171 2765 1264 2833 Cum

196 2929 283 2976 vero
301 2907 346 2976 de
366 2909 502 2976 Fausto
522 2907 656 2994 agitur,
674 2907 806 2999 cuique
821 2906 955 2994 legenti
969 2906 1050 2996 ejus
1067 2905 1205 2975 librum
1220 2905 1265 2975 de

197 3045 329 3112 Gratia
358 3051 393 3110 et
421 3045 532 3111 libero
555 3045 713 3112 arbitrio
742 3064 801 3111 res
832 3042 941 3132 plane
969 3041 1162 3131 perspicua
1194 3049 1261 3110 est.

242 3176 421 3267 Equidem
460 3177 630 3246 Cassiani
670 3177 838 3266 partibus
869 3177 1005 3246 favisse
1042 3176 1264 3246 Lerinenses

196 3310 352 3400 ejusque
377 3309 583 3379 doctrinam
613 3310 776 3380 tenuisse
798 3310 987 3380 fatendum
1008 3319 1075 3380 est.
1107 3310 1211 3391 Quod
1232 3310 1263 3378 si

234 3532 273 3605 (l)
293 3534 402 3589 Guizot
425 3549 431 3588 :
456 3533 538 3590 Hist.
563 3538 601 3590 de
624 3539 655 3590 lu
677 3533 848 3591 civiliaco
864 3537 998 3599 Franco,
1016 3541 1035 3590 t.
1054 3535 1077 3599 Ι,
1094 3554 1122 3609 p.
1139 3536 1201 3591 165.
1230 3567 1264 3577 -

196 3632 332 3704 Ampere
346 3646 352 3686 :
368 3631 450 3687 nist.
469 3632 564 3688 litter.
579 3636 617 3688 de
632 3635 766 3699 Franco,
785 3637 803 3687 t.
821 3634 858 3697 ll,
876 3653 903 3707 p.
920 3634 955 3690 ⁶29
970 3639 999 3689 et
1014 3652 1079 3708 seq.
1096 3667 1129 3677 -
1144 3636 1237 3692 Naris
1255 3652 1261 3692 :

195 3727 278 3784 nist.
295 3731 414 3799 Pelup„
440 3729 458 3784 l.
484 3731 521 3797 ΙΙ,
545 3748 571 3786 c.
596 3731 618 3799 l,
642 3750 671 3805 p.
695 3729 756 3789 107.
782 3754 792 3780 ι
818 3732 883 3802 Ego
901 3739 1003 3787 autem
1029 3732 1129 3805 palam
1154 3733 1262 3789 faciam

198 3825 310 3882 «hunc
332 3827 528 3883 Vincentium
552 3846 621 3885 cuin
645 3828 762 3886 Hilario
785 3828 970 3893 Arelatensi,
992 3826 1107 3886 Fausto
1132 3831 1262 3904 aliisque

197 3947 208 3974 ι
227 3925 397 3998 syncellitis
414 3927 635 3984 Lerinensihus
650 3934 757 3984 coritra
773 3930 871 3984 sancti
886 3930 1053 4000 Augustini
1068 3928 1110 3986 de·
1122 3923 1263 3987 Praedes-

197 4045 208 4073 ι
226 4023 373 4079 tinctione
388 4025 572 4081 Sanctorum
588 4027 797 4100 conspirasse,
816 4050 827 4077 ι
844 4043 911 4100 cap.
926 4027 969 4082 ll.

230 4120 271 4192 (2)
288 4121 327 4177 Cf
338 4122 443 4187 NeriS,
464 4124 609 4198 Ampcre,
635 4125 742 4181 Guizot
764 4144 858 4200 supra
875 4131 1096 4182 memoratos..
1118 4127 1261 4185 Histoire

195 4218 292 4275 litter.
308 4223 346 4277 de
359 4223 494 4285 Frnace,
518 4228 537 4276 t.
556 4222 593 4290 ll,
612 4241 639 4295 p.
660 4222 705 4278 lo.
726 4256 754 4266 -
780 4224 901 4281 Fauriel
926 4239 932 4279 :
959 4223 1041 4280 nist.
1058 4229 1096 4282 de
1112 4230 1143 4282 la
1161 4229 1261 4283 Gutclc

196 4316 323 4382 marial„
338 4324 357 4372 t.
376 4317 398 4386 l,
415 4337 444 4392 p.
461 4318 523 4375 llll.
