3072 4956
741 507 920 577 ...64-

299 730 481 800 nientium
502 731 647 800 turbam
674 727 774 799 haud
804 729 978 817 ambiguo
1003 731 1204 801 declarant.
1232 733 1364 803 Statim

297 875 343 944 ab
377 874 622 944 institutionis
654 874 848 964 principio,
885 873 1147 945 insulanorum
1182 897 1365 946 numerus

298 1019 347 1088 ita
367 1026 536 1106 augetur,
561 1026 601 1086 ut
625 1017 704 1108 ipse
725 1018 951 1098 Honoratus,
972 1018 1035 1108 qui
1060 1019 1260 1088 eremiticae
1280 1020 1365 1088 vitae

298 1161 478 1230 rationem
504 1160 574 1229 sibi
599 1166 854 1251 proposuerat,
881 1181 923 1228 eo
947 1160 1163 1243 adducatur,
1201 1171 1241 1231 ut
1265 1163 1365 1253 quod

297 1303 509 1373 coenobium
539 1312 682 1394 vocant,
714 1303 1001 1373 instaurandum
1037 1304 1276 1392 aggrediatur
1301 1307 1314 1393 (
1337 1309 1362 1394 ).

341 1447 445 1528 Quod
479 1456 519 1516 ut
551 1467 636 1515 vero
668 1445 830 1515 similius
860 1447 1087 1528 ostendatur,
1127 1448 1166 1516 in
1200 1459 1364 1519 mentem

215 1615 217 1620 ·
296 1589 418 1658 veniat
450 1588 668 1670 Eucherius,
704 1588 767 1679 qui
801 1596 905 1657 aetate
938 1589 1017 1657 non
1048 1589 1132 1671 alio,
1168 1601 1252 1682 post
1285 1593 1364 1662 dies

296 1734 442 1823 elapsos
462 1731 599 1822 quibus
620 1732 848 1822 frequentem
869 1731 906 1798 in
928 1731 1050 1800 insula
1071 1734 1266 1805 Lerinensi
1287 1759 1363 1808 mo·

297 1875 503 1944 nachorum
523 1873 713 1943 eohortem
733 1873 908 1942 inviserat
927 1883 962 1942 et
981 1896 1066 1944 eum
1086 1897 1127 1945 ea
1144 1900 1208 1968 per
1223 1880 1364 1972 aliquot

296 2041 417 2089 annos
437 2019 549 2087 vitam
568 2017 729 2105 degerat,
747 2016 793 2085 ad
814 2016 998 2086 Hilarium
1015 2041 1125 2089 suurn
1143 2021 1181 2090 in
1198 2022 1362 2094 insulam

295 2163 509 2233 redeuntem
543 2161 597 2230 sie
627 2159 810 2231 scribebat
845 2183 853 2228 ε
891 2162 1037 2242 «Quos
1071 2184 1138 2252 ego
1163 2166 1250 2248 illie,
1275 2169 1362 2238 Jesu

295 2333 312 2371 a
334 2307 441 2386 bone,
463 2313 678 2374 sanatorum
698 2312 816 2373 coetus
836 2313 1115 2397 conventusque
1135 2308 1207 2379 vidi
1226 2315 1233 2379 t
1259 2336 1275 2375 n
1299 2314 1312 2401 (
1335 2316 1361 2401 ).

297 2448 390 2517 Cum
412 2447 470 2516 his
494 2446 646 2516 vocibus
671 2447 780 2536 plane
804 2457 1015 2535 congruunt
1041 2458 1076 2518 et
1099 2451 1145 2519 ab
1170 2452 1224 2521 eis
1248 2455 1362 2546 majo·

295 2613 373 2662 rem
393 2592 595 2661 desumunt
619 2591 738 2659 lucem
763 2611 803 2658 ea
829 2612 911 2681 quae
935 2591 1051 2661 obiter
1075 2594 1276 2666 Salvianus
1302 2598 1362 2668 ad·

290 2737 381 2827 jieit
408 2757 493 2805 oum
513 2735 559 2804 ad
579 2734 813 2814 Lerinenses,
836 2743 876 2803 ut
895 2736 1026 2804 saltem
1047 2737 1362 2812 verisimillimum

292 2888 359 2960 est,
381 2879 579 2970 quemdam
600 2877 763 2958 mittens,
786 2876 824 2945 in
846 2878 998 2968 epistola
1020 2880 1154 2949 fatetur
1170 2904 1210 2952 se
1231 2883 1362 2954 timere

295 3052 311 3089 «
335 3044 380 3091 ne
400 3021 528 3090 multis
548 3021 728 3089 molestus
749 3019 797 3088 sit
818 3045 834 3084 »
857 3023 917 3107 (3).
948 3023 1001 3090 Ne
1021 3032 1127 3112 putes
1155 3025 1257 3096 hunc
1276 3050 1362 3098 eon-

293 3185 544 3255 cursumque
575 3163 613 3232 in
639 3162 803 3232 insulam
838 3163 1077 3246 vehebantur,
1106 3144 1267 3260 eantque
1294 3171 1362 3241 fre-

291 3307 481 3401 quentiam
498 3305 811 3386 eoneurrentium,
829 3307 988 3376 decursu
1005 3311 1193 3400 temporis,
1208 3320 1248 3382 ut
1264 3337 1362 3407 saepe

293 3453 444 3522 solitum
461 3451 498 3519 in
516 3449 705 3529 humanis,
716 3448 894 3538 paulatim
910 3449 1127 3534 decrevisse,
1139 3467 1361 3542 argumento

292 3596 368 3664 sint
388 3617 428 3664 ea
449 3615 530 3685 quae
551 3616 571 3663 a
597 3590 757 3662 Caesario
781 3591 988 3660 Arelatensi
1013 3593 1058 3663 de
1081 3596 1277 3667 Lerinensi
1307 3600 1360 3668 in-

182 3793 184 3798 .
292 3739 373 3809 sula
394 3739 439 3807 ad
460 3737 665 3807 monachos
684 3735 902 3805 dicebantur
924 3757 931 3804 :
956 3737 1113 3818 «Beata,
1137 3738 1305 3831 inquarn,
1327 3751 1361 3812 et

293 3910 310 3948 «
333 3883 418 3952 felix
439 3881 562 3951 insula
578 3879 794 3966 Lerinensis
814 3900 895 3969 quae
915 3900 999 3948 curn
1020 3883 1172 3971 parvula
1194 3892 1228 3952 et
1249 3886 1359 3974 plana

327 4083 366 4150 (l)
386 4082 495 4136 Sermo
511 4079 553 4134 Sti
568 4076 699 4134 Hilarii:
723 4079 763 4132 De
776 4074 841 4132 vitu
855 4075 892 4130 Sl
907 4077 1074 4134 Honorati.
1100 4078 1174 4135 Aeta
1195 4080 1264 4146 SSt,
1282 4087 1301 4137 t.
1322 4082 1357 4151 11,

290 4181 439 4246 Jauuarii,
456 4199 484 4255 p.
501 4180 546 4236 27.
645 4255 647 4260 Ι

280 4339 283 4345 ,
325 4280 365 4350 (2)
380 4282 421 4335 De
437 4283 532 4336 laude
547 4293 657 4335 eremi.
673 4272 787 4332 Patrol.
804 4272 867 4340 lat,
887 4277 905 4328 l·
923 4272 957 4337 L,
973 4272 1031 4330 001·
1051 4273 1113 4331 711·

326 4379 366 4450 (3)
384 4379 480 4452 Epist.
497 4377 520 4435 l.
