3058 4960
663 543 842 612 ..41-

216 791 233 830 a
255 764 295 834 in
315 747 571 854 grammaticis
593 769 717 838 docuit
737 770 868 858 legere,
890 769 929 838 in
953 769 1154 840 dialecticis
1180 769 1285 840 alter·

215 891 445 980 «cationum
481 891 753 1002 propositiones
787 914 985 994 advertere,
1022 913 1061 999 in
1092 912 1285 982 rhetoricis

215 1071 391 1139 «genera
421 1061 626 1123 metrorum
654 1075 866 1142 agnoscere,
897 1035 948 1123 in
963 1035 1196 1142 geometricis
1218 1063 1285 1124 ter-

215 1220 231 1259 «
250 1217 378 1264 rarum
395 1196 653 1289 linearumque
668 1219 867 1268 mensuras
883 1199 1065 1287 colligere,
1081 1200 1119 1268 in
1132 1200 1286 1269 astrolo-

214 1365 231 1403 a
253 1321 501 1426 giciscnrsus
523 1342 687 1410 siderum
710 1343 964 1432 contemplari,
987 1343 1026 1411 in
1043 1342 1285 1414 arithmeticis

186 1467 230 1546 'a
254 1503 498 1552 numerorum
520 1493 641 1574 partes
668 1485 851 1572 colligere,
880 1485 916 1554 in
946 1485 1154 1554 harmoniis
1176 1507 1284 1554 sono·
1351 1543 1354 1556 .

213 1647 230 1690 a
254 1647 338 1696 rum
364 1626 638 1696 modulationes
665 1628 836 1697 suavium
862 1617 1080 1698 accentuum
1112 1629 1284 1698 carmini·

212 1793 230 1832 «
252 1769 323 1838 bus
343 1791 578 1860 concrepare,
597 1771 628 1838 si
649 1771 687 1839 in
708 1771 768 1840 his
789 1753 963 1840 omnibus
984 1772 1033 1841 ita
1055 1754 1284 1876 fuerisexci3

212 1937 229 1978 a
252 1921 364 1996 tatus
387 1921 454 1982 etc.
479 1940 495 1978 »
518 1915 587 2002 (l);
614 1915 676 1984 ubi
697 1896 812 1984 habes
837 1915 945 2006 plane
966 1915 1105 2006 riteque
1124 1894 1283 2006 descrip-

210 2063 268 2124 tas
289 2075 353 2124 eas
385 2077 517 2124 omnes
541 2056 759 2147 disciplinas
788 2079 884 2148 quae,
916 2058 1036 2127 medio
1065 2080 1157 2139 neve,
1186 2059 1283 2127 trivii

209 2195 471 2288 quadriviique
503 2197 654 2266 nomine
684 2198 934 2268 tradebantur.
961 2202 1044 2268 Non
1071 2199 1143 2268 alio
1173 2199 1282 2268 modo

208 2339 340 2408 eadem
375 2349 484 2409 aetate
517 2349 660 2409 mentes
693 2341 913 2410 excolendas
940 2342 1044 2411 docet
1076 2342 1282 2411 illustrissi-

207 2503 296 2550 mus
326 2491 456 2552 auctor
489 2483 734 2552 Cassiodorus
754 2484 792 2551 in
824 2484 936 2552 altera
972 2467 1074 2574 parte
1102 2485 1184 2554 libri
1218 2484 1281 2575 qui

207 2625 458 2696 inscribitur:
485 2630 740 2694 institutiones
762 2611 978 2696 iti'u'ucruiu
998 2635 1032 2696 et
1058 2631 1282 2698 secularium
1326 2623 1328 2630 ’

207 2772 440 2847 litterarum,
467 2769 505 2837 in
536 2790 608 2860 qua
639 2769 874 2839 notissimam
900 2771 995 2839 trivii
1027 2771 1282 2862 quadriviique

207 2912 447 3003 partitionem
463 2911 627 2996 exhibet;
643 2913 750 3012 cujus
766 2913 930 3000 vestigiis
946 2913 1148 2994 inhaerens
1171 2917 1280 3005 paulo

205 3064 304 3146 post,
339 3055 506 3125 Isidorus
535 3045 771 3146 Hispalensis
800 3057 838 3124 in
861 3057 979 3126 tribus
1007 3057 1138 3147 primis
1167 3058 1280 3150 hujus

205 3200 327 3269 doctae
344 3199 546 3286 farraginis
566 3198 683 3279 libna,
706 3199 763 3267 cui
786 3219 921 3268 nornen
945 3205 1277 3289 Etyuiotopiuruui,

206 3364 284 3412 non
305 3343 419 3411 aliam
439 3342 537 3410 viam
558 3342 596 3410 in
623 3343 753 3412 litteris
778 3328 966 3411 tradendis
987 3343 1078 3412 satis
1105 3328 1276 3415 ostendit.

252 3486 323 3567 Qui
345 3486 377 3555 si
398 3485 536 3554 fuerint
555 3507 575 3554 a
596 3485 726 3576 quinto
747 3473 925 3554 seculo'et
945 3507 1008 3574 per
1028 3493 1141 3554 totam
1162 3457 1278 3555 mero-

204 3628 418 3716 vingiacam
439 3636 585 3696 aetatem
614 3627 703 3696 ordo
733 3627 899 3718 ritusque
928 3648 1062 3716 pueros
1088 3628 1276 3710 edocendi,

203 3773 251 3842 de
284 3793 360 3862 quo
392 3771 547 3839 minime
585 3755 878 3858 ambigendum,
897 3769 928 3838 si
963 3770 1119 3840 testibus
1152 3772 1278 3861 probis

203 3915 528 4013 prudentibusque
565 3914 656 3983 fides
694 3912 901 3982 adhibenda
936 3921 1002 3994 ost,
1043 3935 1127 4003 qnae
1165 3935 1277 3984 caasa

201 4070 305 4130 esset
329 4059 501 4129 credendi
526 4058 748 4127 Lerinenses
777 4057 823 4126 ab
848 4055 907 4124 liis
927 4077 1012 4147 quae
1032 4058 1279 4127 communiter

199 4204 260 4273 vel
282 4203 432 4282 fiebant,
461 4201 516 4269 vel
538 4199 836 4294 praedicabantur
864 4197 959 4295 circa
986 4198 1277 4296 adolescentium

240 4400 282 4474 (t)
298 4399 364 4458 ua
382 4397 422 4464 x,
439 4413 506 4472 cap.
522 4395 567 4452 31.

1210 4497 1224 4541 4
