3058 4960
642 445 824 516 „57-

202 698 219 737 «
241 671 322 764 ejus
346 671 526 762 efficiatur
551 671 742 760 indignus,
764 673 809 742 Et
829 670 934 739 aliter
956 693 963 738 :
986 670 1200 758 interrogat,
1226 679 1267 739 ut

202 812 321 882 «suis
350 812 508 904 quisque
543 812 849 902 responsionibus
886 812 1127 882 convincatur
1155 838 1171 876 »
1203 813 1264 900 (l).

245 953 315 1022 Sed
335 953 374 1021 in
400 953 602 1044 Scripturis
623 953 910 1044 interpretandis
932 973 1008 1022 non
1034 952 1128 1021 alios
1153 974 1266 1044 quam

200 1104 341 1186 patrem
380 1118 508 1178 suum,
550 1097 743 1166 Salonium
782 1105 816 1166 et
852 1098 1044 1165 Vcranum
1081 1095 1265 1181 invenies,

198 1262 358 1331 quorum
389 1246 431 1310 de
457 1243 666 1313 Proverbiis
696 1240 875 1328 Dialogus
908 1234 1064 1309 ad'rem
1099 1249 1265 1310 nostram
1325 1320 1330 1326 ,
1392 1243 1394 1257 ’

199 1385 340 1455 attinet.
374 1385 421 1454 Hi
450 1386 549 1454 enim
581 1385 767 1473 allegorici
797 1407 933 1455 sensus
963 1406 1090 1454 curam
1121 1385 1266 1475 potissi-

200 1551 303 1600 mum
320 1529 454 1599 habere
473 1529 656 1599 videntur.
684 1555 700 1594 «
723 1529 817 1610 Quid
838 1530 1005 1621 estquod
1026 1529 1076 1598 ait
1098 1552 1106 1598 ε
1125 1529 1264 1598 Inclina

201 1699 218 1737 a
240 1694 303 1741 cor
323 1681 427 1741 tuum
443 1673 490 1742 ad
509 1671 788 1760 intelligendam
806 1663 1066 1762 prudentium?
1080 1672 1266 1763 quomodo

200 1823 357 1906 «potest
394 1815 505 1884 homo
535 1815 714 1884 inclinare
747 1820 835 1884 cort
840 1869 906 1885 .....
946 1816 1041 1896 Quid
1079 1824 1134 1884 est
1166 1815 1266 1906 quod

200 1983 217 2023 a
239 1958 350 2027 dicit:
382 1958 568 2047 Sapientia
596 1958 729 2027 excidit
756 1958 951 2028 columnas
971 1962 1137 2048 septem‘l
1169 1957 1264 2038 Quid

200 2127 217 2165 a
239 2109 294 2170 est
313 2100 508 2170 columnus
535 2110 674 2190 septem
699 2101 896 2170 excideret
917 2125 933 2166 »
956 2101 1070 2172 Iidem
1086 2122 1184 2181 vero,
1206 2101 1269 2170 de-

199 2253 289 2314 tecta
310 2244 499 2331 allegoria,
518 2245 766 2334 respondent:
791 2271 807 2309 r
826 2244 888 2312 llle
903 2245 1059 2314 inclinat
1073 2265 1137 2312 cor
1151 2265 1263 2313 suum

197 2413 214 2452 a
238 2387 283 2457 ad
304 2387 599 2474 cognoscendam
626 2387 859 2477 prudentiam
883 2367 945 2478 qui
973 2386 1145 2456 humiliat
1171 2409 1210 2456 se
1230 2397 1264 2457 et

197 2555 213 2594 «
237 2530 414 2600 emundat
437 2530 605 2600 animum
635 2553 655 2599 a
685 2530 854 2620 peccatis
884 2539 924 2599 ut
951 2530 1102 2617 dignius
1130 2531 1193 2599 fiat
1216 2529 1262 2599 ad

199 2699 215 2738 a
237 2673 469 2764 percipienda
486 2675 658 2764 mysteria
674 2661 948 2743 divinitatis....
966 2674 1110 2743 Excidit
1125 2674 1262 2744 colum-

199 2842 215 2881 «
238 2836 307 2885 nas
327 2825 479 2906 septem,
501 2817 586 2907 quia
609 2825 750 2885 mentes
771 2817 1055 2907 praedicatorum
1075 2817 1121 2918 ab
1137 2838 1262 2886 amore

189 2985 214 3024 .«
239 2961 436 3051 praesentis
461 2961 575 3030 seculi
604 2961 787 3050 separavit
820 2970 854 3030 et
880 2962 994 3030 erexit
1022 2982 1085 3030 eos
1109 2961 1155 3031 ad
1181 2983 1260 3051 por·

198 3129 214 3168 a
237 3104 388 3173 tundam
409 3103 574 3194 ejusdem
594 3087 759 3172 ccclesiae
778 3103 955 3175 fabricam
975 3130 991 3168 n
1014 3105 1074 3193 (2).

239 3247 412 3333 Longum
450 3254 506 3314 est
546 3246 703 3314 ulterius
744 3248 910 3337 exempla
952 3248 1163 3338 producere.
1208 3249 1258 3316 Ea

197 3397 320 3457 tamen
350 3388 495 3479 aliaque
525 3388 726 3469 miscendo,
760 3388 966 3459 Eucherius
986 3391 1132 3481 jactans
1152 3412 1171 3460 e
1190 3412 1260 3461 suo

194 3530 346 3618 ingenio
366 3530 486 3600 haeca
509 3553 549 3600 se
569 3532 672 3600 fundi
694 3552 769 3600 non
791 3533 977 3621 praedicat,
1011 3533 1084 3600 imo
1111 3555 1196 3602 vero
1217 3554 1257 3602 ea

195 3673 320 3741 omnia
350 3699 366 3737 «
395 3695 440 3742 ex
465 3674 665 3744 illustrium
693 3675 885 3744 doctorum
912 3675 1050 3764 judicio
1072 3701 1088 3740 n
1118 3678 1165 3766 (3)
1199 3677 1257 3745 de-

227 3911 266 3983 (1)
283 3916 436 3971 instruct.
454 3913 545 3979 litut.
563 3915 676 3971 Patrol.
694 3914 757 3982 lat,
775 3923 793 3972 t.
812 3917 844 3985 L,
861 3915 919 3973 col.
937 3918 997 3973 776.

227 4028 325 4102 (ΜΒ
346 4030 527 4087 Proverbiis
557 4010 714 4101 diolopus.
739 4032 852 4088 Patrol.
881 4032 945 4098 lat,
969 4040 988 4088 t.
1020 4033 1097 4101 Llll,
1121 4033 1177 4089 col.
1192 4031 1254 4089 968.

228 4145 267 4217 (3)
282 4144 415 4202 Eucher.
432 4148 577 4233 Formul.
594 4147 698 4218 spirit.
716 4148 803 4205 intel.
822 4149 933 4205 Patrol.
951 4149 1013 4218 lat,
1031 4155 1050 4204 t.
1069 4149 1101 4218 L,
1118 4149 1174 4206 col.
1193 4149 1254 4206 770.

1190 4347 1203 4392 5
