3072 4956
660 506 839 577 ..77-

216 740 345 801 rentur
390 731 428 799 in
472 730 532 813 his
573 753 667 822 quas
713 729 941 810 monasticas
984 730 1305 823 episcopalesque.

216 865 365 934 soholas
391 865 530 946 dieunt,
570 885 682 956 quam
721 865 792 933 iate
828 863 964 933 diffusa
991 864 1167 954 serpserit
1203 864 1284 956 ejus

215 997 417 1068 auotoritas
436 998 673 1086 intelligetur.
699 1000 792 1067 Tum
812 997 977 1066 ain-mnis
1002 1019 1096 1089 quos
1115 999 1161 1068 ad
1191 998 1284 1096 epis-

216 1133 381 1223 oopalem
409 1132 625 1226 dignitatern
655 1141 798 1201 evectos
830 1132 1121 1213 novimus-tum
1150 1132 1286 1202 huo-et

217 1267 304 1336 illue
324 1267 584 1354 grassantibus
605 1266 823 1336 monasticis
843 1265 1112 1355 propaginibus
1132 1266 1286 1336 Provin-

217 1401 380 1481 eialium,
402 1402 744 1481 Narbonnensium,
761 1400 1033 1469 Viennensium
1050 1403 1112 1492 (1),
1139 1401 1286 1498 Lugdu-

219 1534 407 1615 nensium,
446 1537 693 1616 Avernorum,
741 1535 1048 1622 Burgundionum
1101 1535 1285 1622 regiones

218 1670 294 1738 imo
327 1691 412 1738 vero
446 1678 559 1738 totam
594 1670 752 1739 Galliam
786 1671 833 1738 ad
862 1670 1050 1751 Rhenum,
1087 1679 1128 1762 ut
1166 1669 1285 1760 ipsam

218 1813 323 1874 trans
343 1825 445 1873 mare
465 1804 710 1908 Britanniam,
737 1804 781 1874 de
804 1827 875 1896 qua
903 1826 990 1874 mox
1006 1814 1154 1900 agetur,
1181 1804 1286 1873 omit·

218 1947 306 2019 tam,
342 1938 553 2007 divinarum
588 1937 913 2029 humanarumque
946 1938 1151 2008 litterarum
1185 1938 1286 2008 cultu

217 2072 344 2142 schola
380 2073 594 2142 Lerinensis
632 2073 827 2142 imbuerat.
867 2041 1043 2163 Ejusdem
1085 2073 1135 2143 rei
1175 2042 1284 2144 fidem

217 2206 359 2275 faciunt
396 2206 550 2276 eoncilia
585 2206 624 2275 in
659 2206 760 2275 nulla
794 2206 865 2274 alia
903 2207 1051 2294 regione
1079 2187 1150 2276 hae
1180 2191 1288 2278 aetate

218 2351 374 2420 clariora
399 2373 406 2419 :
430 2377 447 2414 «
469 2372 578 2441 porro
599 2360 639 2420 ut
650 2359 709 2420 tot
729 2349 898 2438 insignes
919 2350 1085 2420 doctrina
1106 2361 1162 2421 est
1182 2372 1287 2420 sano-

220 2521 235 2557 «
259 2494 360 2563 titato
390 2493 457 2562 viri
492 2493 530 2561 in
560 2493 697 2562 eisdem
725 2473 1219 2583 provinciisinvenirentur,
1249 2494 1286 2564 id

205 2636 476 2726 «praestitisse
505 2635 647 2705 videtur
677 2608 956 2705 celeberrimum
985 2636 1200 2706 Lerinensis
1233 2637 1287 2706 in-

220 2808 236 2845 «
259 2779 351 2849 sulae
376 2779 542 2870 proxime
568 2779 772 2870 adjacentis
803 2789 908 2849 terrae
932 2764 1144 2849 coenobium
1176 2805 1192 2844 »
1219 2782 1285 2868 (2).

219 2922 285 2991 Cui
317 2921 483 3011 opinioni
522 2921 726 2998 doctissimi
764 2923 802 2991 in
838 2922 948 2990 rebus
982 2921 1170 2991 historicis
1202 2922 1285 3003 viri,

217 3089 260 3135 eo
290 3066 410 3153 magis
443 3065 735 3147 assentiendum,
762 3066 987 3158 quominus
1019 3066 1144 3154 effingi
1169 3055 1288 3158 potest
1374 3139 1381 3150 ,

218 3231 335 3300 equo
362 3209 434 3278 alio
468 3209 674 3278 monastico
708 3211 807 3278 fonte
841 3209 926 3278 inde
954 3232 974 3279 a
1004 3211 1128 3283 seculo
1157 3211 1287 3304 quinto

219 3373 283 3443 per
317 3360 431 3421 totam
465 3351 777 3440 merovingiaoam
807 3361 949 3422 aetatem
981 3353 1185 3424 litterarum
1212 3364 1287 3425 stu·

218 3495 321 3565 dium
347 3496 543 3587 cultusque
564 3496 721 3583 largiore
740 3497 852 3565 fluctu
873 3497 1129 3566 dimanavorit.

262 3631 572 3720 Quantaoumque
601 3629 709 3698 fuerit
736 3629 815 3698 haec
843 3630 1044 3700 auotoritas
1074 3631 1145 3701 hue
1168 3653 1288 3724 usque

218 3762 414 3852 descripta,
436 3783 521 3830 oum
545 3761 590 3831 de
609 3762 774 3852 ejusdem
794 3763 918 3831 causis
941 3786 1054 3854 supra
1074 3773 1198 3835 aetum
1217 3776 1284 3848 est,

217 3897 280 3963 vix
300 3905 335 3965 et
354 3895 461 3987 quasi
482 3895 598 3964 obiter
617 3895 720 3982 attigi
745 3917 826 3964 eam
851 3917 963 3986 quam
989 3897 1027 3965 in
1053 3899 1164 3968 rebus
1188 3898 1286 3968 theo-

250 4118 289 4187 (1)
299 4117 458 4174 Mahillon.
470 4141 479 4167 ι
491 4118 656 4188 Sexaginta
669 4120 854 4175 monasteria
869 4125 1024 4176 exstructa
1036 4121 1159 4177 fuerant
1173 4123 1202 4177 in
1219 4141 1286 4197 pro·

217 4217 315 4272 vincia
328 4215 547 4272 Narbonnensi
563 4216 655 4272 »Vita
670 4216 874 4286 sanctiCIari,
891 4221 1009 4276 rinnel.
1026 4222 1140 4277 Bened.
1163 4237 1224 4279 sao.
1247 4221 1284 4277 ll.

251 4315 291 4388 (2)
309 4314 471 4371 Baronius.
489 4317 607 4372 rinnel.
625 4314 676 4372 lib.
694 4315 731 4372 ad
748 4333 863 4403 annum
879 4316 941 4372 524.
