3058 4960
704 545 749 559 -
772 527 833 578 VIII
857 545 901 560 ¹·-

270 732 435 830 Contigit
453 735 567 848 enim3
584 742 628 807 ut
646 736 747 808 fama
766 737 951 810 Honorati
969 736 1111 809 fretum
1129 734 1337 806 transvola-

269 884 327 949 ret
353 900 564 972 omnesque
588 886 758 952 moveret
782 881 848 973 qui
875 886 1015 953 sanctae
1041 879 1128 950 vitae
1157 877 1337 972 cupidine

268 1020 480 1114 tlagranteS‚
502 1042 590 1094 eum
613 1028 797 1116 tanquam
818 1022 967 1113 ducem,
993 1044 1109 1116 quem
1135 1041 1338 1114 sequeren-

268 1171 342 1253 tur,
370 1164 599 1259 spectabant.
621 1165 668 1237 Hi
692 1188 837 1256 omnen,
862 1167 938 1238 vita
961 1173 998 1238 et
1017 1165 1190 1238 moribus
1211 1164 1338 1235 Hono-

270 1309 341 1379 rati
362 1331 452 1380 cum
472 1309 739 1400 excitarentur,
768 1309 929 1382 diversis
962 1309 1055 1381 locis
1081 1308 1263 1380 commoti
1289 1305 1337 1377 ad

270 1473 448 1523 saxosum
483 1453 678 1524 desertum
712 1453 884 1546 undique
917 1458 1206 1541 concurrerunt,
1234 1450 1338 1521 insu-

269 1594 422 1688 lamque
434 1595 514 1690 jam
530 1595 596 1667 diu
612 1602 810 1667 vacantem
826 1596 876 1666 ita
895 1594 1133 1688 frequentem
1155 1593 1336 1681 fecerunt,

270 1745 313 1810 ut
332 1737 464 1809 cadem
489 1743 596 1809 aetate
622 1737 793 1809 Hilarius
813 1737 1056 1828 Arelatensi8‚
1084 1736 1191 1808 testis
1214 1735 1338 1808 ocula-

270 1889 343 1973 tu5‚
365 1882 491 1953 dicere
510 1883 677 1976 potuerit
699 1907 705 1954 :
740 1909 756 1952 «
781 1882 965 1954 Certatim
993 1882 1128 1976 sejam
1148 1881 1240 1952 illuc
1259 1901 1339 1951 om-

269 2025 330 2096 nis
350 2025 452 2118 regio
473 2046 649 2117 quaerens
671 2025 795 2097 Deum
816 2024 1012 2118 dirigebat.
1036 2049 1053 2094 a
1078 2023 1139 2120 (1).

320 2167 372 2238 Ea
392 2188 481 2238 vero
501 2166 573 2238 fuit
593 2166 778 2239 Honorati
797 2168 984 2239 institutio
1005 2189 1090 2260 quae
1115 2188 1192 2237 non
1213 2164 1338 2237 solum

270 2308 479 2381 monachos
498 2309 546 2380 ad
568 2331 694 2381 mores
714 2310 775 2404 pie
795 2316 832 2381 et
851 2316 978 2381 sancte
999 2307 1246 2380 instruendos
1267 2307 1340 2380 sor-

271 2458 404 2543 maret‚
438 2453 644 2524 sedetiam
678 2475 817 2547 pueros
850 2458 887 2523 et
919 2452 1178 2524 adolescentes
1210 2449 1337 2538 aleret,

272 2615 484 2686 eorumque
504 2593 655 2687 ingenia
673 2593 809 2665 litteris
829 2592 1010 2665 humanis
1029 2593 1145 2664 simul
1165 2597 1203 2663 et
1221 2591 1340 2662 scien-

272 2737 323 2808 tia
354 2737 482 2808 divina
517 2737 745 2809 imbueret:
779 2737 830 2809 ita
868 2744 910 2809 ut
942 2758 1020 2808 non
1050 2736 1199 2808 minore
1227 2734 1339 2806 laude

273 2878 430 2950 scientia
467 2883 517 2949 et.
540 2879 687 2951 artibus
726 2901 843 2972 quam
884 2878 1024 2951 sanctis
1062 2876 1339 2949 monachorum

272 3021 446 3095 moribus
478 3021 696 3094 Lerinensis
725 3024 850 3095 insula
877 3022 1065 3095 claruerit.
1091 3022 1146 3094 Ex
1170 3043 1213 3092 ea
1237 3021 1340 3093 enim

272 3160 409 3252 insula,
431 3161 565 3254 quinto
585 3163 799 3256 praesertim
820 3164 947 3236 seculo
968 3170 1004 3234 et
1023 3186 1091 3258 per
1110 3169 1227 3235 totam
1251 3168 1338 3234 aota-

273 3308 351 3373 tem
384 3301 715 3395 merovingiacam
745 3305 921 3398 prodiere
950 3327 1026 3376 non
1061 3304 1171 3398 pauci
1203 3304 1269 3397 qui
1294 3303 1341 3374 de

274 3447 505 3519 monasterio
525 3447 573 3518 ad
593 3447 817 3541 dignitatem
837 3450 1090 3544 episcopalem
1110 3449 1241 3543 populi
1262 3447 1342 3519 suf-

273 3588 402 3684 fragiis
429 3590 558 3681 evecti,
589 3592 647 3662 vel
677 3592 724 3663 ad
744 3592 1023 3665 monachorum
1042 3598 1185 3665 coetum
1207 3614 1342 3686 regen-

275 3731 369 3804 dum
388 3733 520 3823 vocati,
548 3735 758 3829 saepissime
783 3757 864 3807 rem
889 3735 1183 3808 ecclesiasticam
1203 3759 1246 3807 ea
1264 3735 1343 3806 vir-

275 3881 355 3945 tute
375 3883 583 3968 gesserunt,
610 3900 685 3971 qua
710 3884 857 3950 constat
880 3878 1093 3973 plurimum
1113 3877 1174 3950 his
1194 3885 1343 3972 tempo-

275 4015 382 4090 ribus
410 4019 608 4114 episcopos
632 4021 809 4114 viguisse.
839 4021 957 4116 Cujus
985 4023 1040 4093 rei
1072 4020 1175 4093 haud
1200 4023 1343 4094 incerta

275 4161 503 4253 testimonia,
538 4169 580 4235 ut
613 4186 734 4258 spero,
768 4188 838 4237 suo
869 4165 951 4237 loco
979 4165 1149 4260 proferre
1177 4165 1343 4237 arduum

313 4370 353 4446 (1)
370 4371 496 4430 ibidem.
