3072 4956
648 473 826 539 ...75-

201 697 339 775 carius
377 704 454 763 tum
479 693 671 763 Lerinensi
706 693 844 762 scholae
878 693 1086 782 praefectae,
1117 693 1270 768 aiebat:

204 864 220 903 a
249 839 376 906 Insula
421 837 589 927 quidem
612 836 679 905 viti
718 836 907 904 simillima
950 858 1014 925 per
1056 836 1273 930 nniversam

204 1007 221 1045 «
244 981 372 1049 orbem
394 1001 485 1050 suos
507 979 635 1048 effudit
655 979 876 1068 propagines
899 1001 907 1046 ε
931 980 1168 1064 tabernacula
1193 981 1274 1070 ejus

204 1132 278 1191 «et
309 1122 467 1191 coloniae
504 1122 744 1211 multiplicate
771 1130 872 1201 sunt,
902 1121 952 1190 ita
983 1131 1022 1190 nt
1052 1121 1197 1190 nullum
1224 1123 1275 1193 sit

117 1282 120 1286 ’
204 1293 220 1330 a
244 1265 516 1334 monasterium
532 1266 595 1356 qui
611 1286 651 1334 ea
669 1272 770 1334 tanto
787 1286 947 1360 numero
958 1266 1198 1354 produxerit»
1209 1268 1272 1354 (1),

203 1409 298 1488 Etsi,
328 1409 553 1477 testimoniis
581 1429 657 1476 non
681 1409 926 1488 exstantibus,
953 1430 1028 1477 non
1051 1409 1156 1490 lieet,¹
1176 1408 1274 1499 quod

195 1552 235 1629 si
276 1552 413 1632 liceret,
455 1551 583 1620 foroan
622 1572 698 1619 non
737 1551 875 1632 liberet,
916 1552 1040 1628 omnia
1086 1573 1276 1622 recensere
1371 1527 1373 1530 Ι

202 1694 432 1765 monasteria
475 1715 560 1784 qnae
597 1699 625 1762 'a
668 1694 861 1777 Lerinensi
904 1704 1026 1763 ortum
1069 1694 1273 1777 duxerunt,

206 1837 322 1926 hujus
356 1845 481 1906 tamen
521 1835 774 1904 auctoritatem
813 1835 858 1905 ad
892 1857 932 1904 en
971 1837 1101 1906 solum.
1125 1839 1274 1908 extendi

204 1979 355 2049 eredere
371 1987 505 2069 praeter
525 2000 653 2048 verum
673 1947 781 2059 esset,
803 2000 887 2047 eum
908 1979 963 2047 vel
983 1979 1037 2048 ad.
1054 1980 1135 2071 ejus
1154 2002 1275 2053 exem*

205 2122 288 2212 piar
317 2122 477 2211 plurima
507 2122 604 2190 intra
633 2121 761 2191 Galliae
798 2123 892 2192 fines
925 2123 1071 2198 condita
1097 2123 1185 2205 sint,
1220 2125 1275 2198 vel

206 2265 289 2355 ejus
328 2265 495 2333 instituta
535 2265 777 2345 servaverint,
817 2266 914 2355 quod
956 2265 1001 2335 de
1038 2265 1274 2338 celeberrimo

202 2409 426 2497 Agaunensi
465 2408 691 2478 monasterio
730 2410 897 2490 refertur,
936 2411 992 2479 vel
1026 2411 1196 2481 abbatem
1229 2433 1275 2481 ex

202 2518 472 2622 Lerinensibus
492 2552 697 2642 acceperint
717 2562 750 2622 et
770 2554 1045 2625 observaverint
1065 2580 1072 2625 :
1097 2583 1112 2622 a
1136 2557 1275 2631 Omnes

206 2723 222 2761 a
246 2696 346 2767 enim
386 2695 585 2785 provinciae
626 2696 844 2778 Galliarum,
886 2698 1007 2767 cleriei
1045 2699 1272 2790 episcopum,

205 2866 222 2903 «
245 2839 420 2908 monaehi
455 2839 525 2907 sibi
560 2841 760 2929 poscebant
792 2841 960 2911 abbatem
988 2843 1027 2910 in
1048 2846 1274 2914 monasterio

205 3010 222 3047 a
245 2983 440 3052 Lerinensi
463 3010 479 3046 »
502 2985 563 3071 (2).

249 3129 333 3194 Non
364 3127 464 3194 enim
492 3125 711 3198 mediocrem
739 3127 992 3197 auotoritatem
1017 3130 1275 3221 episcoporum

201 3269 348 3357 ingenti
370 3290 526 3338 numero
550 3289 644 3358 quos
676 3290 694 3336 e
720 3269 806 3340 sinu
832 3293 900 3338 suo
928 3271 968 3339 in
992 3293 1123 3342 omnes
1148 3276 1275 3346 Gallia

205 3412 419 3502 provincias
457 3413 590 3493 omisit,
631 3413 759 3502 adepta
798 3422 853 3482 est
888 3416 1103 3485 Lerinensis
1136 3419 1273 3499 insuia,

205 3577 289 3646 quae
315 3555 502 3624 interdum
526 3581 543 3619 «
565 3555 711 3624 officina
734 3566 948 3625 sanctorum
968 3567 1002 3626 et
1022 3559 1275 3631 sanctissimo·

207 3723 223 3761 «
247 3718 332 3766 rum
357 3682 615 3787 episcoporum
637 3725 653 3761 »
685 3700 732 3786 (3)
763 3707 886 3766 vocata
920 3709 986 3768 est.
1018 3702 1184 3781 Quorum
1212 3725 1275 3773 no-

203 3839 307 3910 mina
336 3839 404 3908 etsi
432 3861 477 3908 ex
504 3839 687 3908 oblivione
710 3862 783 3940 qua
808 3841 1055 3913 obvolvuntur
1083 3845 1144 3914 rix
1171 3846 1274 3916 educi

242 4070 283 4143 (l)
302 4073 448 4128 Chronol.
465 4073 574 4136 Lerz'n,
592 4077 611 4126 t.
630 4072 648 4138 l,
668 4091 697 4145 p.
713 4071 775 4126 221.
794 4065 797 4070 ’

243 4169 283 4241 (2)
300 4171 447 4226 Chronot.
460 4169 569 4237 Leria,
587 4174 607 4226 t.
624 4168 660 4238 11,
675 4188 703 4243 p.
719 4169 779 4225 131.

241 4267 279 4339 (3)
298 4267 410 4323 Boron.
429 4270 547 4325 Annei.
566 4265 617 4322 lib.
634 4267 671 4322 ad
688 4284 801 4322 annam
815 4267 877 4328 524.
