3058 4960
639 511 817 580 „59-

193 756 275 806 aevo
302 736 422 806 medio
447 703 689 834 proximaque
715 742 822 804 aetate
845 732 940 803 ultra
961 731 1113 804 modum
1133 701 1260 800 baberi

192 879 315 948 visum
336 879 384 948 sit
404 881 465 969 (1).

239 1023 278 1092 ld
298 1023 408 1092 etiam
425 1022 765 1092 animadvertamus
780 1022 901 1102 velim,
918 1042 1003 1090 cum
1019 1020 1063 1089 de
1078 1021 1261 1106 eoeepctz'cu
1364 1041 1366 1048 ¹

194 1166 349 1236 scientia
380 1167 515 1255 agitur,
540 1167 756 1236 incubuisse
781 1165 1003 1234 Lerinenses
1036 1172 1076 1233 ut
1099 1161 1262 1231 eSaoris

194 1308 319 1377 Libris
349 1330 426 1378 rem
454 1308 709 1396 theologicam,
736 1329 802 1377 seu
835 1307 880 1376 ad
911 1306 1091 1395 regendos
1124 1324 1260 1383 moreS,

194 1473 262 1520 seu
287 1453 334 1522 ad
354 1452 594 1521 evincendam
623 1451 842 1531 doctrinam,
873 1457 1120 1540 excerperent,
1149 1447 1265 1515 viam··

194 1615 267 1685 que
300 1594 430 1668 iniisse
457 1616 529 1686 qua
563 1605 649 1664 ante
675 1594 787 1663 simul
814 1603 849 1662 et
875 1602 957 1684 post
981 1593 1083 1682 ipsos
1103 1591 1262 1659 incesse-

147 1756 150 1762 ’
195 1747 284 1807 runt
321 1739 521 1807 clarissimi
556 1739 594 1806 in
624 1738 785 1808 Ecclesia
819 1738 998 1807 doctores.
1038 1707 1142 1806 Ultra
1178 1757 1263 1804 vero

194 1882 465 1952 sententiarum
497 1882 790 1972 explicationem,
819 1890 897 1950 tum
926 1879 1261 1970 contemplativam,

196 2035 276 2094 tum
296 2026 467 2107 activam,
486 2026 691 2116 procedere,
709 2035 750 2095 ut
765 2025 994 2117 inquirerent
1013 2045 1084 2115 qua
1107 2022 1263 2093 auctori·

196 2179 268 2240 tate
292 2169 513 2250 confirmati,
541 2192 654 2256 quam
688 2169 903 2259 incorrupti,
938 2189 1050 2260 quam
1084 2168 1159 2237 veri
1189 2166 1265 2235 sint

194 2312 298 2380 Sacri
321 2311 434 2392 Libri,
460 2332 573 2402 quam
597 2312 710 2393 varia,
736 2332 849 2403 quam
882 2311 1007 2398 gravia
1038 2309 1263 2400 problemata

196 2454 369 2536 excitent,
409 2454 507 2545 apud
547 2455 769 2524 Lerinenses
803 2476 851 2523 ne
883 2454 1031 2546 quidem
1062 2453 1263 2540 cogitatum

199 2607 278 2681 est;
314 2598 377 2689 qui
411 2599 457 2668 ab
486 2575 733 2668 ecclesiastico
766 2598 980 2686 magisterio
1013 2596 1171 2686 acceptis
1204 2595 1264 2680 his

197 2743 333 2823 Libris,
355 2720 547 2812 dubitandi
568 2765 692 2813 causae
711 2745 821 2814 alicui
842 2744 995 2814 minime
1010 2750 1261 2813 occurrerunt.

197 2886 293 2976 Ipsis
312 2886 426 2973 igitur
445 2887 599 2956 omnino
619 2888 743 2975 ignota
764 2897 841 2957 erat
860 2908 899 2957 ea
921 2888 1018 2977 apud
1044 2887 1264 2956 recentiores

198 3038 306 3097 enata
327 3033 501 3117 aceperis,
523 3051 608 3121 quae
625 3030 789 3100 bumano
806 3003 877 3101 ritu
892 3033 1024 3100 Sacros
1039 3030 1171 3099 Libros
1187 3050 1264 3119 per·

199 3180 376 3252 tractans
398 3172 513 3241 abeis
533 3173 621 3263 quid
641 3174 778 3243 factum
794 3174 842 3244 sit
861 3183 924 3243 aut
943 3174 1120 3244 creditum
1142 3173 1265 3263 potius

197 3324 311 3405 quam
337 3315 424 3406 quid
446 3315 655 3386 faciendum
687 3317 735 3385 sit
758 3326 822 3386 aut
845 3316 1069 3386 credendum
1099 3316 1262 3407 requirit.

245 3459 565 3537 Quemadmodum
603 3460 700 3550 apud
743 3463 933 3530 Romanos
971 3483 1033 3529 ars
1075 3459 1264 3528 rhetorum

196 3600 373 3670 discenda
407 3602 588 3692 quasdam
622 3604 714 3672 alias
747 3612 845 3672 artes
873 3604 982 3673 veluti
1017 3604 1199 3673 musicam
1231 3612 1266 3672 et

198 3743 506 3814 declamationem
538 3747 757 3838 conjunctas
790 3747 860 3816 sibi
899 3747 1048 3827 ferebat,
1084 3746 1133 3815 ita
1166 3746 1266 3836 apud

200 3887 424 3957 Lerinenses
444 3893 626 3977 eeepetico
648 3890 799 3960 scientia
820 3890 991 3982 quaedam
1008 3890 1078 3960 sibi
1098 3910 1264 3958 connexa

235 4117 275 4190 (l)
304 4117 349 4173 Cf.
379 4117 596 4215 SliUProsperi
623 4120 786 4190 Eupositio
813 4124 1033 4180 Psatmorum.
1061 4121 1175 4192 Patrol‚
1200 4122 1264 4190 lat,

196 4223 217 4273 t.
236 4216 285 4282 Ll,
301 4214 348 4272 col
364 4214 426 4274 278.
443 4246 476 4258 -
494 4215 669 4272 Cassiodori
686 4219 850 4288 Empositio
866 4220 900 4277 in
913 4220 1038 4278 cantica
1052 4221 1264 4289 canticorum,

194 4321 216 4371 t.
234 4314 330 4383 LXX,
347 4312 404 4374 col.
420 4314 499 4370 1057.
