3072 4956
433 874 643 962 curor
683 870 984 1000 quuvuu

657 1149 763 1159 --——-

177 1371 226 1422 DE
249 1371 392 1424 SANCTO
407 1343 594 1446 'CAESARIQ
620 1375 817 1427 PRAECIPUO
836 1373 1062 1426 LERINENSIS
1085 1372 1243 1438 SCHOLAE
1355 1443 1356 1446 Ἴ

386 1531 555 1604 ALUMNO‚
583 1533 748 1595 EJUSQUE
774 1531 1037 1584 AUCTORlTATE

223 1758 366 1828 Scholae
391 1759 584 1828 Lerinensi
609 1759 736 1828 minus
761 1779 866 1850 aequo
896 1758 1129 1838 tribueretur,
1159 1776 1244 1825 cum

178 1901 222 1969 de
242 1901 323 1991 ejus
343 1902 558 1971 auctoritate
580 1923 638 1970 res
658 1911 725 1982 est,
749 1902 834 1982 nisi,
857 1909 1044 1991 perspecta
1070 1922 1110 1969 ea
1132 1921 1244 1990 quarn

179 2065 243 2138 per
268 2043 428 2134 seipsam
455 2043 629 2124 exercuit,
657 2043 781 2112 statim
810 2043 1042 2132 deveniretur
1068 2043 1114 2111 ad
1148 2064 1244 2123 earn,

179 2209 252 2278 qua
274 2188 384 2256 veluti
410 2167 557 2279 oblique
583 2210 650 2258 usa
677 2196 744 2268 est,
776 2210 840 2277 per
872 2186 1036 2256 illustres
1065 2187 1247 2278 quosdam
1359 2177 1362 2183 ⁵
1398 2179 1400 2188 ’

182 2329 295 2409 viroS,
320 2350 415 2419 quos
442 2329 617 2419 primum,
640 2338 680 2397 ut
704 2329 820 2398 obiter
839 2338 945 2397 antea
969 2328 1145 2409 diximus,
1168 2328 1247 2418 ipsa

180 2473 457 2562 informaverat.
480 2474 571 2544 Cum
598 2496 682 2543 vero
699 2483 834 2564 'praeter
859 2475 956 2542 vires
983 2473 1170 2543 humanas
1201 2475 1249 2543 sit
1351 2466 1354 2474 ’

180 2611 342 2708 positum
363 2617 659 2710 uniuscujusque
679 2619 894 2690 Lerinensis
914 2619 1056 2688 alumni
1076 2640 1198 2689 mores
1215 2628 1249 2688 et

180 2769 282 2848 gesta
305 2761 451 2842 referre,
478 2762 522 2830 de
541 2761 604 2830 illo
620 2770 764 2831 tanturn
789 2762 1104 2854 qui‘preecipuum
1126 2764 1247 2832 locum

181 2904 346 2974 obtinere
368 2904 524 2985 videtur,
547 2906 669 2975 fusius
688 2907 820 3012 dicere,
842 2907 886 2976 de
913 2889 1074 2977 Caesario
1096 2906 1247 2986 scilicet,

179 3047 388 3117 Arelatensi
426 3048 610 3139 episcope,
646 3050 835 3140 proposito
870 3071 1078 3138 congruum
1114 3050 1182 3118 erit
1215 3058 1250 3118 et

183 3190 370 3260 satisfiet.
838 3284 841 3290 .
1026 3289 1028 3295 Α

202 3409 204 3414 ,
227 3333 424 3414 Caesarius,
451 3356 561 3425 quem
579 3318 765 3404 territorio
788 3335 1037 3417 Cabilonensi,
1064 3335 1159 3404 cirea
1185 3357 1250 3404 an-

183 3497 274 3558 num
299 3477 570 3559 CCCCLXXX,
599 3447 816 3572 parentibus
840 3479 903 3570 qui
933 3505 949 3544 «
976 3501 1089 3568 supra
1120 3500 1250 3566 omnes

184 3619 392 3706 «concives
421 3619 491 3690 fide
515 3621 638 3711 potius
663 3631 697 3691 et
721 3622 889 3692 moribus
917 3622 1123 3693 floruerunt
1143 3650 1166 3698 »y
1187 3625 1248 3712 (1),

216 3839 255 3910 (l)
271 3841 346 3898 Haec
362 3843 475 3911 etalio,
493 3861 563 3916 quae
579 3843 616 3900 de
632 3845 761 3900 Caesarii
777 3846 837 3900 vita
851 3825 900 3902 hie
914 3827 1093 3915 traduntur,
1105 3851 1249 3921 excerpta

184 3944 291 3994 sutile
312 3942 489 3998 narratione
509 3959 601 4015 quarn
629 3943 813 4017 Cyprianus,
842 3944 1000 4000 Firminus
1022 3950 1052 4001 et
1077 3945 1249 4013 Viventius,

183 4037 330 4111 episcopi,
345 4041 609 4113 conscripserunt.
627 4041 726 4106 Quam
750 4041 854 4114 legere
871 4048 920 4098 est
940 4044 970 4098 in
985 4045 1061 4099 Aeta
1077 4043 1145 4109 SS.,
1163 4050 1182 4101 t.
1197 4044 1249 4111 Vl,

182 4136 262 4206 Aug,
278 4153 305 4210 p.
319 4136 355 4191 65
370 4143 399 4191 et
415 4155 478 4210 seq.
496 4139 576 4213 apud
599 4138 815 4196 Mobillonium
837 4143 979 4198 Annales
996 4141 1167 4207 Benedict,
1189 4147 1208 4197 t.
1227 4142 1249 4209 1,

183 4251 213 4304 p.
226 4231 270 4287 89.
296 4236 374 4291 Aeta
392 4239 445 4291 SS.
467 4241 535 4293 ord.
558 4237 596 4292 su
610 4239 738 4306 Bened,
767 4244 785 4294 t.
813 4239 835 4308 1,
862 4258 890 4313 p.
916 4239 978 4295 654.
999 4240 1116 4312 Migne,
1135 4240 1249 4297 Patrol.

184 4330 246 4398 lat,
264 4335 283 4386 t.
301 4331 424 4403 LXVII,
442 4333 499 4392 col.
517 4334 588 4392 1002
604 4341 634 4392 et
650 4354 717 4409 seq.
821 4355 827 4370 ¹
966 4317 967 4322 ἵ
