3058 4960
702 506 880 571 ..50-

258 731 334 797 bris
352 733 581 797 sentiendum
598 731 647 796 sit
663 733 749 796 lm..
781 730 825 797 Si
852 731 946 796 Deus
969 731 1154 797 homiaem
1179 731 1335 797 immor-

260 878 371 942 talem
390 876 534 958 fecerit,
563 877 864 974 querrrodmodum
882 875 1005 956 potuit
1023 876 1151 940 arari?
1156 926 1223 940 .....
1246 874 1335 940 Non

257 1016 328 1086 alia
369 1015 511 1084 ratione
554 1015 593 1083 in
637 1037 706 1084 suo
745 1015 983 1102 Dialogornm
1021 1015 1115 1085 libro
1153 1015 1335 1084 Salonius

256 1161 503 1249 Veranusque
528 1158 633 1248 plura
662 1158 819 1226 miscent
845 1157 890 1226 ad
916 1157 1192 1248 philosophiam
1223 1157 1335 1249 perti-

258 1301 383 1370 nentia
405 1302 465 1389 (1).
495 1301 575 1382 Quo
603 1300 694 1369 satis
721 1309 844 1389 aperte
868 1299 1076 1369 declaratur
1102 1301 1201 1390 apud
1233 1301 1335 1368 Leri-

259 1466 407 1524 nenses‚
438 1444 567 1533 adepta
596 1443 646 1511 rei
672 1443 925 1529 grammaticae
954 1443 1129 1513 mediocri
1160 1443 1332 1524 scientia,

257 1589 319 1657 rix
347 1588 393 1657 ad
419 1587 609 1696 rhetorum
638 1595 767 1664 artem,
794 1587 858 1655 sed
883 1586 1005 1675 potius
1025 1586 1070 1655 ad
1091 1570 1334 1677 philosopho-

254 1749 341 1800 rum
366 1729 602 1819 disciplinam
623 1743 823 1797 conversos
843 1728 959 1797 fnisse
978 1728 1204 1819 discipulos;
1231 1731 1334 1820 quod

257 1872 367 1942 etiam
399 1872 496 1961 apud
529 1874 732 1951 Romanos,
770 1891 852 1938 raro
886 1870 1047 1961 quidem,
1079 1893 1164 1941 enm
1192 1881 1227 1941 et
1258 1873 1332 1962 ipsi

257 2014 504 2105 philosophiae
531 2034 662 2102 parum
696 2021 879 2092 curarent,
914 2013 1050 2082 laetum
1079 2014 1239 2083 traditur
1266 2015 1330 2104 (2).

302 2159 408 2226 Hanc
436 2165 571 2235 antem,
604 2139 681 2223 tum
711 2176 730 2222 a
759 2154 937 2244 profanis
960 2164 1038 2224 tum
1063 2179 1083 2224 a
1110 2157 1333 2226 christianis

258 2299 490 2402 philosophis
515 2307 730 2387 acceperant
750 2298 971 2367 Lerinenses
1000 2325 1015 2362 α
1045 2299 1082 2366 in
1107 2308 1182 2368 tres
1205 2310 1333 2390 partes

259 2469 276 2506 a
297 2409 467 2521 divisam,
486 2441 689 2531 physicam,
708 2439 878 2520 ethicam,
897 2439 1066 2527 logicam,
1087 2442 1123 2510 id
1139 2450 1208 2522 est,
1223 2445 1332 2511 natu·

259 2611 275 2649 «
298 2583 425 2663 ralem,
452 2584 644 2662 moralem,
667 2581 884 2650 rationalem
891 2637 956 2651 .....
988 2584 1196 2652 naturalem
1226 2585 1332 2654 illam

259 2755 274 2791 a
297 2727 541 2816 pertinentem
562 2725 607 2793 ad
628 2745 762 2792 causas
783 2734 927 2794 naturae
942 2747 1026 2816 qnae
1047 2727 1223 2795 universa
1244 2750 1332 2796 eon-

259 2896 275 2933 «
298 2869 406 2951 tinet;
430 2869 621 2959 moralem,
643 2889 728 2957 quae
749 2868 919 2956 respiciat
938 2869 984 2937 ad
1005 2891 1128 2938 mores
1140 2894 1147 2952 ;
1168 2838 1333 2941 rationa-

259 3039 275 3076 «
298 3013 368 3080 lem
390 3032 487 3090 rere,
509 3031 594 3100 quae
614 3009 658 3077 de
675 3009 958 3079 sublimioribus
978 3011 1189 3100 disputans
1208 3017 1332 3084 Deum

258 3182 275 3220 a
297 3155 465 3222 omnium
494 3160 635 3240 patrem
665 3172 746 3218 esse
775 3153 978 3220 confirmet.
1003 3180 1018 3218 a
1047 3155 1109 3242 (3).
1146 3157 1228 3235 Quo
1259 3159 1333 3227 Eu-

256 3296 368 3366 cherii
399 3293 622 3372 testimonio,
657 3293 787 3360 saltem
817 3294 847 3360 si
878 3295 1085 3383 proximam
1107 3297 1224 3388 hujus
1246 3323 1333 3370 sen-

257 3439 382 3509 tentiae
398 3445 539 3527 partem
560 3445 682 3503 mente
697 3435 968 3524 contempleris,
989 3438 1094 3506 facile
1112 3439 1330 3527 dignoseeS,

251 3585 331 3675 jam
352 3602 391 3649 ea
414 3587 521 3648 aetate
541 3579 577 3647 id
598 3597 679 3646 esse
704 3577 949 3666 philosophiae
971 3601 1110 3650 munus
1131 3605 1206 3673 quo
1229 3585 1331 3654 theo-

255 3725 365 3812 logiae
385 3723 559 3792 ancillam
580 3744 620 3790 se
640 3722 831 3810 praeberet.

300 3869 352 3936 lta
374 3886 450 3933 rem
476 3864 601 3932 cedere
629 3862 853 3953 oonreniens
875 3869 908 3930 et
928 3866 1034 3953 ‹puasi
1063 3890 1215 3940 necesse
1236 3885 1328 3944 erat.

288 4082 329 4152 (1)
345 4079 466 4146 Diolop.
485 4075 536 4129 lili.
552 4073 666 4128 Patrol.
683 4072 746 4142 lat,
763 4078 783 4128 t.
800 4073 876 4128 Llll.

288 4183 329 4252 (2)
346 4179 465 4232 Seneca
482 4172 555 4246 phil.
574 4176 687 4232 eroest.
706 4177 815 4234 natur,
832 4174 917 4244 prat.
937 4173 978 4230 ll.

287 4279 329 4348 (3)
345 4272 491 4330 Eucherii
517 4287 565 4342 op.
590 4272 736 4324 Formul.
758 4268 861 4339 spirit.
889 4270 975 4328 intel.
1002 4275 1092 4332 Prrrl'.
1118 4279 1235 4339 Patrol.
1264 4284 1328 4350 lat,

250 4386 271 4434 t.
290 4377 324 4444 L,
342 4370 399 4428 col.
419 4368 480 4424 728.
