3058 4960
724 496 881 562 ..2-

272 767 345 838 quo
366 746 503 814 factum
537 752 604 824 ost,
640 754 680 812 ut
708 743 732 811 ii
758 743 820 834 qui
847 744 1033 832 propriam
1062 743 1175 812 vitam
1210 752 1337 812 sancte

271 873 513 958 exercendam
539 886 609 955 sibi
638 886 799 976 primum
822 894 1103 976 proposuerant,
1130 907 1218 954 mox
1243 887 1337 956 aiios

271 1031 438 1101 honestis
467 1029 635 1098 moribus
664 1029 922 1098 informandos
952 1028 1201 1119 humanisque
1230 1029 1336 1098 disci-

271 1176 383 1268 plinis
410 1174 631 1244 imbuendos
658 1173 899 1263 susciperent.
930 1173 1027 1242 Idem
1049 1174 1147 1242 enim
1170 1175 1336 1244 Honora-

249 1329 342 1400 ,tus,
379 1327 576 1409 postquam
610 1317 814 1386 solitariam
847 1317 959 1385 vitam
994 1337 1101 1404 agere
1135 1326 1333 1406 optaverat,

269 1483 439 1552 cumque,
472 1483 547 1528 non
569 1461 685 1528 multo
711 1459 887 1549 temporis
913 1460 1071 1529 decursu
1101 1461 1238 1550 elapso
1269 1460 1336 1528 fre-

269 1605 526 1697 quentissimae
551 1604 703 1674 familiae
723 1605 799 1673 dux
820 1612 994 1694 paterque
1021 1605 1139 1672 faetus
1162 1613 1270 1684 esset,
1294 1626 1335 1673 eo

270 1747 303 1814 vi
329 1767 452 1815 rerum
473 1746 654 1815 adductus
678 1745 758 1825 fuit,
782 1753 821 1813 ut
845 1753 1048 1834 praeceptor
1068 1754 1102 1813 et
1122 1716 1334 1814 scholarum

272 1890 449 1976 magister
482 1889 583 1957 fieret
617 1891 677 1977 (1).
714 1889 806 1957 Cum
840 1889 885 1956 ad
920 1909 1004 1956 eum
1033 1909 1078 1956 ex
1106 1889 1208 1957 omni
1234 1897 1336 1978 parte

244 2040 563 2112 concurreretur,
595 2032 672 2100 fieri
699 2052 774 2099 non
802 2033 930 2120 potuit,
959 2031 1049 2121 quin
1071 2031 1182 2099 simul
1203 2031 1255 2100 ‘ad
1275 2032 1336 2099 do-

269 2177 426 2245 cendum
455 2174 619 2265 quidam,
649 2173 766 2243 multo
795 2195 880 2242 vero
902 2174 1026 2263 plures
1046 2174 1092 2243 ad
1116 2173 1334 2243 discendum

267 2320 341 2410 apti
358 2317 632 2399 invenirentur;
654 2339 739 2408 quae
755 2317 983 2386 eruditorum
1003 2317 1335 2407 illiteratorumque
1422 2375 1425 2380 ⁴

269 2463 463 2531 hominum
484 2461 713 2530 consuetudo
734 2461 765 2530 si
787 2461 927 2530 scholae
952 2461 1021 2529 hac
1041 2470 1147 2529 aetate
1168 2461 1335 2530 florentis

268 2627 378 2674 causa
399 2604 478 2685 fuit,
501 2604 655 2672 minime
674 2604 887 2672 mirandum
913 2603 1106 2672 videbitur.
1136 2603 1334 2672 Scholasti-

268 2769 349 2816 cam
379 2747 478 2815 enim
498 2746 734 2836 disciplinam
762 2747 980 2814 monasticae
1008 2745 1231 2814 institutioni
1259 2767 1334 2813 ma-

267 2892 366 2960 xime
401 2891 600 2959 convenire
629 2889 819 2958 fatendum
853 2897 919 2969 est,
957 2889 1093 2957 nedum
1128 2889 1173 2956 ab
1208 2890 1334 2957 eadem

267 3034 475 3104 abhorreat.
513 3036 569 3102 Re
594 3033 743 3124 quidem
771 3054 868 3114 vera,
900 3053 985 3104 cum
1019 3033 1067 3101 sit
1100 3041 1188 3121 aliut
1208 3003 1334 3100 mona-

267 3179 358 3248 chos
396 3179 620 3257 institutum,
661 3186 701 3246 ut
739 3199 848 3266 opera
886 3178 1071 3268 quaedam,
1116 3177 1154 3244 iu
1198 3176 1334 3266 quibus

268 3325 543 3414 Scripturarum
564 3325 762 3391 Sacrorum
784 3323 1051 3412 scriptorumve
1071 3321 1334 3403 ecclesiastico-

269 3487 352 3534 rum
369 3465 486 3545 lectio,
504 3485 578 3533 non
600 3465 799 3534 minimum
821 3464 943 3533 locum
959 3465 1093 3533 dicitur
1113 3463 1331 3542 obtinuisse,

269 3617 463 3677 exerceant
483 3610 553 3696 (2);
582 3608 714 3676 exindo
745 3609 783 3676 fit
804 3629 954 3677 necesse
974 3617 1014 3676 ut
1040 3607 1123 3696 ipsi,
1153 3606 1208 3674 vel
1233 3614 1334 3674 ante

304 3921 342 3993 (1)
363 3943 373 3970 α
392 3921 481 3976 Potat
503 3922 593 3976 etiam
615 3921 735 3994 profluo
758 3920 810 3975 illo
836 3920 887 3992 qui
907 3920 937 3973 in
957 3937 990 3974 se
1005 3924 1080 3986 erat,
1098 3919 1232 3975 cmlestis
1252 3920 1335 3974 sonte

271 4048 279 4070 t
297 4021 467 4095 sapientiae.
481 4021 581 4092 Atque
595 4021 711 4075 utinam
728 4024 846 4074 tantum
862 4018 1016 4088 angustiae
1030 4019 1157 4090 spiritus
1174 4018 1235 4072 mei
1252 4034 1335 4072 rece-

269 4120 397 4192 pissent,
421 4122 569 4190 quantum
590 4117 641 4173 ille
665 4117 781 4172 studuit
802 4115 974 4171 infundere.
999 4139 1008 4165 »
1035 4116 1130 4170 Hilar.
1153 4115 1235 4170 Arei.
1265 4115 1335 4170 Vita

268 4219 297 4270 St
320 4217 451 4278 Honor„
472 4232 498 4269 c.
513 4213 551 4278 V,
568 4225 602 4267 110
617 4213 661 4267 24.
679 4212 792 4269 Patrol.
811 4211 873 4278 lat,
890 4219 909 4268 t.
927 4213 960 4279 L,
977 4211 1035 4267 col.
1052 4211 1132 4266 1263.

303 4313 343 4384 (2)
358 4311 534 4368 Cassiodor.
551 4314 593 4368 De
608 4311 721 4368 diviua
737 4310 887 4375 institut,
901 4328 967 4384 cap.
986 4311 1030 4364 23.
