3058 4960
482 825 936 944 PROOEMIUM

223 1281 410 1378 Tempora
428 1282 554 1378 elapsa
575 1289 702 1354 mente
727 1281 948 1375 recogitanti
970 1280 1046 1353 ulla
1070 1280 1133 1352 vix
1150 1287 1240 1352 aetas

173 1448 374 1498 occurrere
405 1433 540 1522 potest,
566 1448 663 1520 quae,
685 1426 784 1497 inter
802 1425 1082 1496 diversissimas
1109 1447 1240 1496 rerum

172 1571 360 1663 fortunae,¹
400 1573 661 1668 spectaculum
702 1571 878 1645 exhibeat
918 1571 1039 1665 magis
1079 1573 1239 1666 dignum

173 1716 275 1809 quod
307 1716 587 1812 contempleris7
623 1715 825 1810 studiaque
855 1738 990 1788 eorum
1024 1715 1238 1805 hominum,

173 1857 313 1952 quibus
342 1861 412 1931 aevi
441 1859 621 1954 praeteriti
649 1857 850 1931 curiositas
879 1859 988 1949 inest,
1017 1858 1136 1952 magis
1153 1880 1239 1953 pro-

171 2006 279 2072 vocet
305 2024 423 2095 quam
446 2023 498 2092 ea,
520 2023 605 2095 quae
622 2000 669 2074 ab
688 2001 843 2073 ineunte
861 2000 988 2074 seculo
1009 2000 1142 2095 quinto
1163 2008 1239 2074 tota

172 2148 279 2213 aetate
307 2166 424 2237 quam
448 2144 768 2237 merovingiacam
793 2145 936 2235 dicunt,
957 2145 1236 2217 intercluditur.

171 2282 277 2356 Tunc
302 2286 405 2358 enim
429 2309 491 2359 res
517 2309 675 2360 romana
701 2309 769 2382 per
792 2287 1060 2382 longissimum
1086 2294 1250 2383 tempus-

170 2429 291 2501 multa
322 2437 413 2522 arte,
452 2453 650 2504 armorum
679 2432 716 2502 vi
749 2438 786 2503 et
810 2432 952 2526 ingenii
977 2454 1047 2528 ope
1067 2432 1235 2523 solidata,

170 2593 259 2643 cum
280 2571 360 2668 ipsa
380 2574 479 2646 mole
507 2597 576 2647 sua
595 2574 752 2646 tandem
777 2573 941 2648 stabilita
966 2575 1169 2666 videretur,
1188 2576 1236 2647 ad

170 2723 385 2790 extremum
417 2719 543 2792 adhuc
576 2720 759 2792 inauditis
787 2718 956 2791 motibus
983 2741 1167 2791 concussa
1196 2719 1235 2790 iu

168 2860 322 2932 ruinam
337 2884 506 2957 praeceps
521 2863 643 2934 datur.
667 2862 862 2935 «Versum
876 2862 933 2934 fas
947 2868 1061 2956 atque
1076 2861 1198 2954 nefas;
1216 2887 1232 2930 >›

165 3002 253 3095 jura
272 3004 419 3098 privata
437 3006 665 3099 negotiaque
689 3005 843 3101 publica
867 3006 907 3077 in
926 3005 1085 3078 confuso
1104 3004 1235 3077 haberi

169 3152 372 3242 coeperant,
395 3169 481 3242 quae
498 3170 588 3220 cum
609 3149 686 3221 sint
703 3150 857 3222 vincula
875 3151 979 3245 pacis
997 3149 1234 3243 civitatisque

168 3288 265 3361 bene
286 3279 441 3363 moratae
462 3292 568 3382 ratio,
595 3291 627 3363 si
647 3292 921 3383 dissolvuntur,
941 3298 978 3364 et
996 3295 1117 3388 ipsam
1137 3315 1235 3363 rem-

166 3436 361 3531 publicam
380 3438 536 3511 dissolvi
564 3461 717 3511 necesse
737 3447 802 3512 est.
824 3441 908 3514 Nou
930 3441 1002 3513 alia
1021 3441 1093 3513 fuit
1112 3462 1234 3512 roma-

167 3603 226 3652 nae
250 3582 446 3676 potestatis
471 3581 648 3671 conditio,
682 3605 798 3676 quam
825 3584 951 3655 omnis
976 3583 1154 3655 humanae
1179 3585 1233 3654 rei

168 3747 264 3819 quae,
284 3731 488 3820 postquam
506 3726 554 3798 ad
572 3725 725 3797 culmen
745 3749 860 3798 suum
881 3727 977 3799 elata
994 3727 1075 3818 fuit,
1091 3727 1233 3799 ineluc-

165 3867 271 3941 tabili
307 3869 474 3962 quodam
506 3869 580 3941 fato
616 3869 663 3940 ad
693 3857 902 3964 perniciem
931 3870 1105 3942 trahitur.
1139 3871 1232 3955 Quae

166 4011 323 4103 quidem
363 4017 541 4102 extrema,
581 4012 709 4085 seculo
746 4013 879 4106 quinto
914 4014 1138 4109 praesertim,
1169 4037 1230 4085 res

166 4177 324 4228 romana
344 4157 530 4251 cognovit,
561 4180 650 4229 cum
670 4157 785 4230 simul
804 4158 1041 4232 irruentibus
1060 4158 1231 4252 undique

164 4294 337 4370 barbaris
365 4298 553 4394 gentious,
579 4299 653 4371 nisi
680 4322 750 4396 ope
778 4301 944 4396 quadam
971 4301 1098 4373 divina
1125 4300 1231 4373 fulci-
