3058 4960
733 512 911 581 -ffi-

333 733 412 802 Etsi
445 734 550 804 valde
582 735 831 825 periculosum
865 745 920 805 est
954 735 1114 805 indicere
1144 735 1242 806 diem
1280 757 1352 827 qua

288 877 487 948 Salvianus
516 879 562 948 ab
582 879 706 950 insule
738 880 941 960 recesserit,
977 901 1045 948 nec
1077 889 1176 948 certo
1210 888 1373 974 constat·

286 1029 425 1111 quanto
445 1030 608 1112 tempore
628 1022 666 1091 in
687 1045 728 1092 ea
749 1024 796 1093 sit
815 1033 984 1093 versatus
1008 1025 1068 1112 (1),
1091 1031 1254 1092 attamen
1275 1022 1353 1112 plu-

287 1163 391 1233 ribus
410 1166 522 1235 annis
547 1167 585 1235 in
614 1189 655 1236 ea
685 1173 948 1264 commoratus
965 1177 1033 1249 est,
1068 1169 1116 1237 ita
1147 1178 1187 1237 ut
1216 1167 1357 1237 scholae

286 1305 478 1374 Lerinensi
499 1307 638 1398 aliquid
654 1309 698 1377 de
718 1330 786 1377 suo
807 1308 956 1396 ingenio
977 1329 1061 1376 eum
1078 1308 1253 1377 tribuisse
1268 1329 1353 1376 con-

282 1449 394 1539 jicere
423 1451 479 1519 fas
510 1452 569 1520 sit.
604 1453 707 1522 Adde
740 1454 850 1522 etiam
884 1473 968 1521 eum
1002 1452 1051 1521 ite
1085 1453 1131 1520 ab
1165 1450 1353 1520 insulanis

287 1593 497 1675 recessisse,
519 1604 654 1664 utnon
678 1597 832 1665 omnino
858 1618 943 1666 cum
970 1596 1023 1664 eis
1043 1594 1352 1668 consuetudinem

285 1736 519 1809 abdicaverit.
546 1743 683 1810 Notum
706 1751 760 1811 est
784 1741 883 1810 enim
905 1740 1121 1809 Salvianum
1146 1761 1231 1808 cum
1254 1741 1352 1808 Mas-

286 1880 421 1962 siliam,
450 1882 549 1952 baud
576 1886 703 1973 procul
729 1885 776 1954 ab
805 1884 941 1964 insula,
978 1906 1017 1952 se
1046 1883 1253 1972 recepisset,
1289 1903 1354 1971 per

285 2023 425 2092 litteras
450 2025 635 2095 interdum
665 2049 749 2095 cum
774 2026 1041 2096 Lerinensibus
1070 2026 1216 2113 egisse3
1245 2024 1353 2114 cujus

285 2166 335 2234 rei
356 2167 610 2236 testimonium
631 2169 697 2236 erit
717 2169 778 2236 illa
806 2190 888 2258 quse
908 2169 1028 2237 adbuc
1048 2175 1167 2235 exstat
1183 2165 1350 2256 epistola,

285 2333 356 2402 qua
378 2313 627 2382 Massiliensis
647 2313 767 2381 incola
789 2313 968 2402 pristinos
992 2311 1290 2390 contubernales,
1313 2318 1354 2378 ut

281 2455 455 2544 juvenem
475 2457 673 2547 quemdam
694 2456 852 2543 benigne
871 2456 1064 2546 accipiant,
1087 2454 1244 2544 supplex
1264 2453 1353 2520 allo-

283 2601 444 2691 quitur:
473 2623 546 2692 quo
573 2601 664 2670 satis
697 2601 794 2670 clara
830 2602 910 2670 luce
941 2603 1091 2690 apparet
1120 2599 1351 2678 salvianum,

284 2753 479 2834 postquem
506 2745 551 2813 ab
571 2766 680 2833 opere
706 2744 862 2813 insulari
891 2765 1045 2813 manum
1071 2742 1234 2822 retraxit,
1264 2763 1354 2832 quo-

284 2886 411 2954 minus
441 2888 575 2957 studiis
603 2888 683 2957 suis
713 2888 849 2956 scholae
875 2887 1068 2956 Lerinensi
1094 2887 1230 2954 faveret
1258 2906 1354 2954 nun-

283 3050 395 3119 quam
417 3030 657 3111 abstinuisse.

327 3172 379 3238 Ea
395 3192 477 3261 quae
493 3171 566 3240 buc
581 3193 699 3262 usque
715 3172 855 3262 prolata
872 3179 961 3240 sunt
977 3170 1128 3239 nomina
1146 3179 1221 3238 tam
1237 3169 1355 3254 insig-

284 3313 322 3381 ni
350 3313 557 3382 celebritate
585 3314 772 3393 fruenter,
796 3323 835 3382 ut
857 3313 948 3402 ipsis
969 3312 1148 3380 Honorati
1168 3311 1355 3380 institutio

284 3455 402 3545 possit
422 3477 503 3524 osse
522 3465 707 3524 contenta.
731 3458 905 3546 Superest
925 3464 1048 3523 tamen
1069 3464 1108 3523 ut
1129 3455 1166 3522 in
1188 3454 1355 3522 medium

284 3598 394 3666 etiam
433 3599 667 3688 proferamus
702 3601 882 3667 Faustum
920 3597 1129 3666 Reiensem.
1170 3598 1281 3665 Hunc
1316 3597 1355 3664 in

283 3741 475 3810 Britannia
511 3752 641 3810 natum
675 3751 709 3809 et
742 3741 838 3808 inter
861 3739 1061 3808 Britannos
1089 3739 1190 3807 omni
1219 3759 1356 3826 genere

283 3883 535 3954 humanarum
556 3885 840 3975 disciplinarum
866 3882 1090 3952 instructum
1118 3883 1234 3952 fuisse
1255 3904 1356 3951 acce-

318 4133 356 4204 (l)
374 4134 406 4190 ln
428 4135 601 4191 contrarias
620 4132 790 4188 sententias
811 4128 899 4185 eade
919 4147 951 4184 re
974 4132 1100 4186 veniunt
1115 4111 1357 4192 Tillemontius:

280 4230 362 4286 Har.
375 4235 495 4296 eccles,
521 4236 540 4287 t.
558 4230 641 4296 XVI,
660 4248 688 4301 p.
704 4226 773 4295 1843
793 4257 823 4266 -
841 4226 928 4280 Rivet
951 4241 956 4280 :
977 4227 1059 4281 Hist.
1078 4229 1148 4297 litt,
1173 4234 1192 4283 t.
1219 4229 1257 4295 ll,
1284 4249 1357 4306 pag.

280 4329 333 4385 509
349 4336 378 4386 et
395 4347 459 4402 seq.
