3058 4960
726 519 906 610 ..56-

281 775 381 850 sunt,
417 765 554 836 animis
592 765 812 858 injicienda3
856 777 1055 859 utrumque
1093 765 1349 858 explicationis

279 931 399 1000 genus
419 910 488 980 hac
507 910 545 978 in
562 911 804 1000 responsione
819 909 984 980 invenire
1004 919 1081 980 est:
1102 936 1118 975 c
1135 911 1224 1002 quid
1244 909 1349 979 intel-

283 1081 299 1119 «
322 1053 511 1142 ligendum
553 1063 608 1123 est
645 1054 689 1123 de
733 1054 864 1123 arbore
897 1053 959 1122 illa
994 1054 1160 1123 scientiae
1193 1051 1281 1122 boni
1315 1061 1350 1122 et

284 1225 300 1263 a
322 1200 494 1268 malit-
510 1225 527 1264 «
545 1201 585 1268 In
602 1199 733 1290 primis
747 1221 805 1281 ne,
823 1209 864 1269 ut
887 1199 1038 1292 quidam
1054 1199 1217 1269 haeretici
1238 1199 1348 1268 inter·

283 1368 300 1407 «
322 1352 525 1432 pretantur‚
558 1344 742 1413 malorum
775 1344 823 1412 ita
853 1352 887 1413 et
915 1344 1100 1412 bonorum
1127 1351 1275 1433 putetur
1303 1363 1349 1412 ex

284 1516 300 1555 «
322 1491 392 1559 hoc
411 1491 580 1560 conditor
593 1472 703 1560 ¹Deus
722 1529 766 1541 -
785 1492 884 1582 quod
904 1490 1111 1560 doctrinam
1132 1497 1283 1580 spectat.
1305 1528 1349 1540 -

286 1660 303 1698 «
325 1634 365 1702 In
387 1635 518 1703 arbore
537 1633 672 1725 quippe
696 1633 771 1714 illa,
800 1655 1045 1725 quaecumque
1071 1641 1160 1714 erat,
1189 1655 1348 1724 praecep·

284 1802 300 1841 a
323 1783 400 1846 turn
420 1777 485 1846 Dei
513 1777 794 1864 intelligendum
815 1786 893 1859 est;
922 1777 986 1846 sed
1008 1777 1047 1845 in
1067 1777 1233 1846 custodia
1255 1798 1347 1866 prae-

283 1920 413 2010 «cepti
445 1920 597 1989 scientia
632 1930 710 1989 erat
736 1920 836 2001 boni,
865 1921 903 1989 in
933 1920 1228 2008 transgressione
1255 1942 1347 2010 prae-

283 2087 299 2125 «
321 2062 413 2152 cepti
448 2062 600 2131 scientia
624 2072 701 2131 erat
725 2063 826 2131 mali.
856 2063 952 2150 Ergo
981 2062 1172 2149 degustata
1202 2059 1345 2140 arbore,

286 2205 361 2275 «id
385 2213 452 2287 est,
482 2206 759 2297 praecepti-lege
785 2207 932 2286 violata,
961 2204 1114 2274 scientia
1141 2212 1218 2274 erat
1244 2203 1346 2283 mali,

283 2357 349 2418 eie.
369 2376 385 2414 n
404 2351 464 2438 (1)

326 2493 404 2561 Hoc
421 2492 733 2582 interpretationis
748 2512 881 2580 genere
896 2492 1019 2560 omnis
1034 2489 1227 2560 dubitandi
1244 2490 1347 2559 locus

281 2634 344 2726 qui
360 2655 405 2703 ex
419 2634 520 2704 lectis
531 2634 655 2703 Sacris
666 2634 788 2702 Libris
803 2634 946 2703 videtur
961 2655 1173 2723 exsurgere,
1191 2633 1346 2702 omnino

282 2776 432 2846 tollitur.
470 2776 658 2857 Quaeritur
688 2777 786 2844 enim
821 2799 840 2845 a
871 2776 1051 2850 Salonio:
1083 2777 1214 2846 «Cum
1243 2775 1345 2844 nulla

282 2944 298 2983 a
319 2941 401 2988 esse
420 2920 517 3010 apud
537 2921 654 2988 Deum
678 2920 887 3007 ignorantia
909 2906 1039 3010 possit,
1061 2920 1247 3012 quomodo
1268 2919 1347 3009 ipse

281 3088 297 3126 α
319 3063 357 3130 in
375 3062 468 3131 libro
488 3064 673 3132 Geneseos
688 3063 727 3131 in
744 3027 906 3133 exordiis
920 3064 1028 3133 dicit:
1043 3065 1163 3133 Adam
1180 3063 1242 3132 ubi
1259 3083 1311 3132 es.
1327 3089 1343 3126 a

281 3206 346 3274 Cui
368 3206 563 3295 respondet
583 3206 814 3276 Eucherius:
839 3232 855 3270 a
877 3207 956 3275 Hoc
975 3215 1031 3275 est
1049 3206 1189 3288 dicere3
1211 3205 1343 3285 Adam,

282 3375 298 3413 «
320 3370 393 3440 quo
408 3349 596 3418 resedisti?
613 3371 687 3418 non
708 3371 794 3438 ergo
807 3371 878 3418 vox
892 3349 961 3418 ista
978 3349 1084 3441 quasi
1099 3370 1164 3439 pro
1180 3348 1345 3436 ambigui

283 3517 298 3556 a
321 3492 569 3563 sciscitatione
594 3495 797 3598 quaerentis
818 3503 884 3575 est,
907 3494 971 3563 sed
991 3516 1075 3562 curn
1096 3492 1346 3583 increpatione

282 3660 298 3699 c
320 3635 583 3724 interrogantis
598 3645 665 3706 est.
683 3638 728 3704 Et
747 3636 852 3706 aliter
871 3658 1019 3706 :sermo
1040 3636 1112 3716 hic,
1135 3656 1209 3703 non
1226 3637 1344 3704 Deurn

282 3806 298 3844 a
320 3779 395 3848 reri
415 3780 588 3861 inscium,
610 3781 666 3849 vel
695 3780 757 3848 ubi
778 3789 874 3848 esset
893 3780 1025 3860 Adam,
1047 3782 1165 3849 Deum
1185 3778 1346 3847 ostendit

282 3924 505 4012 «ignarum,
537 3924 600 3993 sed
627 3923 717 3992 illud
746 3922 869 4012 potius
896 3923 1067 4004 ostendit,
1093 3922 1191 4014 quod
1221 3922 1345 3992 omnis

281 4093 298 4132 «
320 4068 379 4137 ille
403 4069 466 4160 qui
486 4077 621 4160 peccat,
651 4067 749 4136 velut
772 4067 850 4157 jam
877 4067 1065 4137 erroribus
1093 4066 1173 4136 suis
1201 4066 1343 4147 deviuS,

282 4236 297 4276 α
320 4220 354 4280 et
373 4234 437 4302 per
456 4212 629 4282 delictum
651 4210 824 4282 recedens
848 4232 869 4280 a
894 4219 1092 4300 conspectu
1113 4209 1191 4290 Dei,
1215 4208 1344 4294 notitia

315 4433 354 4508 (t)
368 4437 520 4494 Instruct.
536 4435 587 4492 lib.
606 4435 627 4491 1.
645 4432 758 4492 Patrol.
776 4433 839 4505 lat,
856 4440 876 4490 t.
892 4433 925 4504 L,
942 4432 999 4491 eol.
1018 4433 1079 4492 775.
