3072 4956
693 475 872 544 ..7ss-

250 702 426 789 possunt,
473 697 643 788 quaedam
692 706 833 778 tamen,
878 717 994 787 pauca
1031 695 1206 788 quidem,
1253 699 1323 767 'sed

250 841 412 912 maximi
444 840 618 931 ponderis
656 840 869 930 superantia
910 841 1042 910 afferre
1078 840 1165 909 libet
1202 863 1217 909 ι
1246 841 1324 910 Ho-

253 991 427 1054 noratum
475 983 734 1074 Hilariumque
788 983 1042 1064 Arelatenses,
1091 983 1323 1053 Eucherium

251 1127 559 1214 Lugdunensem,
593 1127 812 1196 Maximum
834 1128 1087 1217 Faustumque
1121 1127 1321 1208 Reienses,

252 1271 398 1359 Lupum
441 1271 679 1350 Trecensem,
721 1269 961 1337 Vincentium
1006 1271 1322 1350 Sanctonensem‚

252 1411 445 1481 Salonium
489 1413 757 1492 Gencvensam
796 1413 1000 1492 Veranum,
1040 1412 1195 1481 fratrem
1226 1412 1323 1500 ejus,

252 1533 512 1636 Venciensem,
542 1555 784 1624 Valerianum
815 1554 1079 1624 Cameliensem
1110 1557 1172 1644 (1),
1208 1577 1323 1646 quos,

253 1709 293 1769 ut
325 1702 465 1769 ceteros
499 1698 679 1778 omittam,
716 1697 839 1776 seculo
872 1698 1002 1788 quinto
1035 1699 1220 1768 ascribere
1253 1707 1324 1767 est.

254 1844 364 1912 Sexto
397 1851 520 1912 autem
554 1843 759 1911 floruerunt
792 1862 837 1910 ex
866 1842 1133 1912 Lerinansihus
1157 1841 1327 1910 alumnis

254 1986 438 2055 Caesarius
475 1985 729 2076 Virgiliusque
767 1987 815 2073 (2)
849 1986 1097 2066 Arelatenses
1138 1983 1319 2055 Rusticus

254 2129 520 2200 Narbonensis·
553 2131 619 2219 (3),
663 2129 836 2212 Antielus
878 2129 1132 2222 Siffredusque
1174 2131 1327 2221 Foroju-

256 2274 405 2343 lianses.
423 2275 512 2342 Post
524 2294 600 2353 eoa,
616 2273 740 2342 seculo
758 2273 927 2363 septime,
944 2274 1146 2356 Maximus
1161 2277 1327 2363 Magnus

255 2427 291 2488 et
307 2417 479 2506 Agricola
503 2416 694 2486 Avenione
713 2418 774 2506 (4),
799 2417 994 2498 Arnulqu,
1017 2418 1056 2486 in
1077 2419 1205 2488 schola
1226 2421 1328 2509 pala-

257 2562 333 2632 tina
360 2564 535 2652 tempore
551 2561 713 2641 Clotarii,
745 2560 855 2648 regia,
877 2561 1039 2650 primum
1064 2563 1243 2650 magister
1263 2566 1326 2653 (5),

257 2713 383 2796 postea
403 2704 525 2784 Meus,
547 2703 804 2794 episcoporum
829 2712 951 2794 partes
975 2705 1091 2774 multa
1112 2727 1197 2775 cum
1220 2707 1329 2776 laude

258 2858 425 2937 egerunt.
447 2848 548 2918 Nihil
563 2856 619 2917 est
637 2848 735 2938 qued
755 2847 800 2917 de
819 2849 949 2918 ceteris
969 2850 1168 2939 proferam.

303 2993 407 3074 Quod
437 2992 468 3062 si
496 2991 612 3061 menti
643 2991 803 3060 occurrit
826 2994 1118 3086 unumquodque
1142 3007 1330 3066 monaste-

260 3137 358 3206 rium
382 3136 438 3206 vel
463 3136 677 3226 episcopum
711 3156 777 3225 pro
811 3134 890 3204 suis
921 3135 1062 3206 viribus
1095 3147 1129 3207 et
1153 3138 1234 3208 loco
1260 3161 1331 3209 suo

262 3245 428 3351 effecisse
461 3289 502 3349 ut
530 3278 744 3349 Lerinensis
773 3278 909 3349 scholae
938 3279 1105 3356 instituta
1138 3283 1331 3372 pervulga-

297 3515 334 3590 (1)
352 3516 497 3572 chronol.
511 3512 620 3578 Leria,
636 3518 654 3567 t.
673 3510 835 3585 11,p.149.
855 3543 886 3554 -
903 3511 998 3568 Allien
1015 3529 1021 3568 :
1039 3513 1120 3571 Hist.
1138 3518 1184 3572 du
1204 3531 1334 3574 monas·

261 3615 326 3672 tere
343 3619 382 3672 cle
396 3611 521 3678 Lerina,
539 3618 559 3668 t.
577 3613 599 3679 Ι,
616 3610 664 3669 ch.
682 3611 693 3666 1
708 3615 738 3666 et
753 3610 790 3664 11.

298 3716 337 3786 (2)
352 3714 444 3784 Greg.
461 3711 534 3769 Tur.
550 3709 633 3767 Hist.
649 3712 766 3766 Franc.
781 3707 833 3766 lib.
851 3707 904 3776 IX,
920 3727 946 3765 c.
963 3710 1008 3766 93.

297 3811 338 3884 (3)
353 3810 475 3866 Baluze.
492 3809 628 3866 Salviani
644 3792 836 3884 operasNot.
854 3825 883 3881 p.
899 3807 962 3864 408.
984 3841 1018 3851 -
1038 3810 1144 3882 Migne
1164 3825 1170 3867 ε
1194 3812 1332 3871 Diction.

263 3907 490 3982 d'e'pipraphie,
508 3913 563 3964 art.
581 3905 760 3964 Narboune'.
786 3936 821 3945 —-
841 3907 920 3962 Acta
933 3909 998 3974 SS„
1023 3913 1043 3962 t.
1058 3906 1112 3976 XI,
1134 3909 1201 3967 Oct.
1218 3929 1248 3983 p.
1269 3910 1333 3967 860.

297 4007 338 4080 (4,
354 4009 499 4065 Chronol.
515 4005 624 4074 Leria,
642 4010 661 4060 t.
679 4004 717 4070 ll,
734 4022 761 4078 p.
778 4001 839 4058 149.
861 4003 966 4070 Allien,
983 4005 1065 4062 Hist.
1079 4010 1124 4063 du
1140 4013 1278 4064 monast.
1296 4013 1336 4066 de

263 4107 346 4171 Lern,
360 4111 381 4160 t.
401 4105 424 4171 l,
439 4124 468 4179 p.
482 4103 545 4160 346.
1055 4118 1057 4122 ¹

301 4205 341 4277 (5)
354 4205 497 4260 Annales
513 4204 677 4284 Metensea
699 4199 734 4255 D.
756 4199 906 4273 Bouquat.
930 4200 1044 4272 script.
1069 4218 1182 4259 rerum
1201 4205 1335 4275 Frena,

265 4307 286 4358 t.
303 4301 341 4372 11,
358 4321 387 4376 p.
405 4300 466 4358 677.
