3072 4956
733 518 914 586 ..94-

292 741 500 830 rirginibus
517 741 771 829 Radegundis,
787 742 990 812 (Lesariam
1005 741 1162 823 imitata,
1180 742 1368 812 librorum

291 885 531 973 legendorum
565 905 694 953 curam
724 884 974 974 injunxerat:
1005 911 1024 948 ι
1052 885 1220 954 lnstituit
1246 884 1366 968 eninr,

292 1056 310 1092 ι
330 1037 371 1097 ut
389 1029 480 1098 dum
501 1027 702 1106 reticerent,
718 1048 865 1117 semper
883 1027 989 1096 lectio
1009 1027 1206 1115 legeretur,
1223 1037 1268 1097 ut
1288 1050 1367 1098 non

292 1200 310 1236 ι
331 1172 454 1241 solum
480 1172 605 1240 lauces
630 1170 813 1260 accipiant
836 1171 975 1252 cibum,
1005 1172 1071 1241 sed
1100 1181 1140 1242 nt
1167 1194 1282 1243 aures
1301 1195 1368 1244 au-

292 1343 310 1378 «
330 1316 434 1384 diant
452 1315 518 1382 Dei
538 1314 691 1382 verbum
712 1341 730 1376 ι
751 1315 813 1400 (l).

333 1461 498 1549 AEquum
532 1457 645 1544 igitur
680 1465 752 1536 est,
789 1466 829 1525 ut
860 1458 1095 1547 exploratum
1130 1457 1365 1542 habeamus;

292 1600 458 1688 regulam
502 1598 669 1678 Caesarii,
715 1598 829 1689 hujus
869 1601 1087 1671 auctoritate
1125 1602 1273 1683 tultam,
1315 1603 1367 1674 ita

289 1746 450 1815 decursu
482 1743 597 1812 seculi
634 1742 729 1811 sexti
769 1743 986 1832 profecisse,
1026 1754 1067 1814 ut
1108 1745 1148 1815 in
1184 1747 1368 1817 omnibus

291 1887 597 1979 parthenonibus
628 1896 707 1954 tum
735 1885 775 1954 in
802 1886 935 1967 Gallia,
966 1897 1044 1959 turn
1071 1898 1175 1958 extra
1200 1891 1366 1960 Galliam

289 2032 365 2100 rim
384 2030 543 2099 instituti
563 2030 803 2117 legendorum
826 2030 1006 2100 librorum
1031 2034 1200 2104 studium
1220 2037 1366 2107 obtine-

290 2184 356 2244 ret.
378 2175 509 2243 Fertur
531 2173 632 2242 enim
650 2173 813 2253 Lieham,
837 2196 950 2265 quam
971 2175 1188 2246 Bonilacius
1211 2200 1366 2250 monas-

290 2317 381 2386 terio
422 2317 570 2386 cuidam
609 2313 648 2384 in
688 2317 885 2386 Germania
928 2319 1156 2407 praefecerat,
1202 2323 1365 2413 septimo

289 2435 427 2540 seculo,
446 2486 463 2524 r
481 2459 649 2528 lectionis
664 2458 799 2540 studia,
817 2469 918 2528 tanta
933 2461 1124 2550 diligentia
1145 2465 1366 2538 incumbere

290 2632 308 2670 r
329 2613 369 2674 ut
389 2603 462 2672 nisi
488 2602 646 2672 orationi
674 2612 830 2683 vacaret,
861 2626 1056 2696 nunquam
1076 2606 1203 2677 divina
1224 2611 1365 2700 pagina

290 2732 307 2812 a
327 2748 373 2816 de
391 2747 567 2815 manibus
586 2747 668 2837 ejus
686 2747 895 2816 abscederet
918 2774 934 2812 r
956 2751 1018 2837 (2).

331 2893 406 2959 Nec
439 2898 584 2958 tantum
615 2910 662 2958 ex
693 2889 845 2957 Caesorii
883 2890 1054 2961 instituto
1094 2893 1259 2975 lectioni,
1298 2898 1365 2967 sed

287 3025 398 3095 etiam
436 3023 628 3114 scriptioni
667 3024 844 3092 vacabant
882 3023 922 3092 in
959 3025 1141 3096 coenobiis
1180 3029 1363 3117 virgines

286 3159 439 3246 legitur
452 3158 552 3227 enim
568 3158 607 3224 in
622 3161 706 3226 t'ita
722 3161 880 3226 Caesorii
893 3180 914 3226 a
931 3158 1126 3230 fidissimis
1141 3164 1365 3235 auctoribus

286 3294 496 3383 conscripta
519 3316 528 3360 :
551 3319 568 3356 «
590 3312 685 3382 opus
704 3315 789 3361 curn
811 3293 1002 3363 sodalibus
1030 3304 1105 3365 tam
1125 3299 1363 3389 praecipuum

288 3451 305 3489 α
330 3423 507 3512 viguisse,
536 3432 577 3491 ut
600 3419 697 3490 inter
716 3423 881 3516 psalmos
902 3434 1012 3514 atque
1031 3425 1188 3516 jejunia,
1215 3428 1367 3516 vigilias

288 3586 304 3623 a
325 3579 474 3650 quoque
499 3567 535 3626 et
554 3556 742 3637 lectiones,
768 3556 883 3626 libros
901 3557 1049 3627 divinos
1068 3535 1224 3650 pulchre
1244 3563 1364 3654 scrip-

286 3722 304 3760 «
324 3694 474 3763 litarent
498 3691 675 3779 Virgines
695 3691 831 3760 Christi
853 3718 870 3755 »
892 3694 954 3779 (3).
980 3694 1100 3772 Quam
1129 3717 1207 3764 rem
1229 3698 1363 3768 multis

283 3826 518 3900 documentis
543 3826 802 3934 confirmatam
829 3825 882 3893 sio
903 3826 1145 3896 Mobillonius
1173 3837 1360 3901 testatur:

317 4052 358 4125 (l)
386 4049 457 4108 Vita
471 4055 591 4108 sanctae
605 4045 826 4117 Rodeyrtndis,
854 4047 934 4121 apud
949 4049 1109 4106 ltlabillon.
1123 4054 1203 4108 Acta
1216 4055 1270 4108 88.
1288 4058 1360 4111 ord.

281 4154 320 4210 sn
333 4155 462 4219 Bened„
481 4156 500 4208 t.
519 4150 541 4218 l,
559 4168 588 4223 p.
602 4146 664 4202 311.

317 4253 357 4324 (2)
373 4249 533 4307 Mobillon.
551 4244 772 4320 Proesationes,
790 4262 818 4316 p.
835 4243 896 4299 102.

318 4351 357 4422 (3)
371 4351 449 4407 Acta
464 4350 529 4414 SS„
547 4353 566 4401 t.
585 4344 607 4414 Ι,
622 4342 771 4406 tannarii,
786 4359 815 4414 p.
834 4341 892 4396 729.
