<?xml version="1.0" encoding="UTF-8"?>
<!DOCTYPE html PUBLIC "-//W3C//DTD XHTML 1.0 Transitional//EN"
    "http://www.w3.org/TR/xhtml1/DTD/xhtml1-transitional.dtd">
<html xmlns="http://www.w3.org/1999/xhtml" xml:lang="en" lang="en">
 <head>
  <title>
</title>
<meta http-equiv="Content-Type" content="text/html;charset=utf-8" />
  <meta name='ocr-system' content='tesseract 3.04.00' />
  <meta name='ocr-capabilities' content='ocr_page ocr_carea ocr_par ocr_line ocrx_word'/>
</head>
<body>
  <div class='ocr_page' id='page_1' title='image "./descholalerinen00lahagoog_0120.png"; bbox 0 0 3072 4956; ppageno 0'>
   <div class='ocr_carea' id='block_1_1' title="bbox 657 519 836 587">
    <p class='ocr_par' dir='ltr' id='par_1_1' title="bbox 657 519 836 587">
     <span class='ocr_line' id='line_1_1' title="bbox 657 519 836 587; baseline 0 -17"><span class='ocrx_word' id='word_1_1' title='bbox 657 519 836 587; x_wconf 68' lang='lat'>,99-</span> 
     </span>
    </p>
   </div>
   <div class='ocr_carea' id='block_1_2' title="bbox 180 719 1370 1411">
    <p class='ocr_par' dir='ltr' id='par_1_2' title="bbox 180 719 1370 1411">
     <span class='ocr_line' id='line_1_2' title="bbox 180 719 1281 831; baseline 0 -18"><span class='ocrx_word' id='word_1_2' title='bbox 180 719 375 813; x_wconf 86' lang='lat' dir='ltr'>¹carmina</span> <span class='ocrx_word' id='word_1_3' title='bbox 413 742 561 831; x_wconf 85' lang='lat' dir='ltr'>legenti.</span> <span class='ocrx_word' id='word_1_4' title='bbox 608 744 641 812; x_wconf 87' lang='grc' dir='ltr'>Α</span> <span class='ocrx_word' id='word_1_5' title='bbox 686 763 820 812; x_wconf 88' lang='lat' dir='ltr'>somno</span> <span class='ocrx_word' id='word_1_6' title='bbox 859 763 946 830; x_wconf 83' lang='lat' dir='ltr'>ergo</span> <span class='ocrx_word' id='word_1_7' title='bbox 984 743 1185 824; x_wconf 88' lang='lat' dir='ltr'>excitatus,</span> <span class='ocrx_word' id='word_1_8' title='bbox 1231 743 1281 814; x_wconf 90' lang='lat' dir='ltr'>ita</span> 
     </span>
     <span class='ocr_line' id='line_1_3' title="bbox 209 887 1283 959; baseline 0 0"><span class='ocrx_word' id='word_1_9' title='bbox 209 889 397 959; x_wconf 89' lang='lat' dir='ltr'>humanas</span> <span class='ocrx_word' id='word_1_10' title='bbox 416 887 558 958; x_wconf 88' lang='lat' dir='ltr'>litteras</span> <span class='ocrx_word' id='word_1_11' title='bbox 577 898 612 958; x_wconf 91' lang='lat' dir='ltr'>et</span> <span class='ocrx_word' id='word_1_12' title='bbox 631 890 724 958; x_wconf 90' lang='lat' dir='ltr'>bene</span> <span class='ocrx_word' id='word_1_13' title='bbox 748 888 893 958; x_wconf 89' lang='lat' dir='ltr'>dicendi</span> <span class='ocrx_word' id='word_1_14' title='bbox 915 889 1061 958; x_wconf 90' lang='lat' dir='ltr'>laudem</span> <span class='ocrx_word' id='word_1_15' title='bbox 1087 898 1283 959; x_wconf 88' lang='lat' dir='ltr'>aversatus</span> 
     </span>
     <span class='ocr_line' id='line_1_4' title="bbox 208 1031 1370 1135; baseline 0.003 -34"><span class='ocrx_word' id='word_1_16' title='bbox 208 1040 276 1114; x_wconf 89' lang='lat' dir='ltr'>est,</span> <span class='ocrx_word' id='word_1_17' title='bbox 303 1041 344 1103; x_wconf 90' lang='lat' dir='ltr'>ut</span> <span class='ocrx_word' id='word_1_18' title='bbox 373 1031 452 1123; x_wconf 89' lang='lat' dir='ltr'>ipse</span> <span class='ocrx_word' id='word_1_19' title='bbox 481 1032 550 1102; x_wconf 85' lang='lat' dir='ltr'>sibi</span> <span class='ocrx_word' id='word_1_20' title='bbox 581 1031 770 1123; x_wconf 74' lang='lat' dir='ltr'>propriam</span> <span class='ocrx_word' id='word_1_21' title='bbox 799 1032 934 1102; x_wconf 85' lang='lat' dir='ltr'>faceret</span> <span class='ocrx_word' id='word_1_22' title='bbox 963 1032 1066 1102; x_wconf 84' lang='lat' dir='ltr'>rudis</span> <span class='ocrx_word' id='word_1_23' title='bbox 1095 1032 1281 1104; x_wconf 89' lang='lat' dir='ltr'>sermonis</span> <span class='ocrx_word' id='word_1_24' title='bbox 1367 1129 1370 1135; x_wconf 26' lang='grc' dir='ltr'>Ι</span> 
     </span>
     <span class='ocr_line' id='line_1_5' title="bbox 209 1173 1281 1267; baseline 0.002 -24"><span class='ocrx_word' id='word_1_25' title='bbox 209 1184 348 1244; x_wconf 89' lang='lat' dir='ltr'>notam.</span> <span class='ocrx_word' id='word_1_26' title='bbox 379 1178 497 1256; x_wconf 86' lang='lat' dir='ltr'>Quam</span> <span class='ocrx_word' id='word_1_27' title='bbox 528 1196 629 1265; x_wconf 84' lang='lat' dir='ltr'>saepe</span> <span class='ocrx_word' id='word_1_28' title='bbox 658 1173 757 1244; x_wconf 90' lang='lat' dir='ltr'>enim</span> <span class='ocrx_word' id='word_1_29' title='bbox 787 1175 832 1244; x_wconf 89' lang='lat' dir='ltr'>de</span> <span class='ocrx_word' id='word_1_30' title='bbox 866 1175 1004 1245; x_wconf 89' lang='lat' dir='ltr'>rustico</span> <span class='ocrx_word' id='word_1_31' title='bbox 1038 1175 1281 1267; x_wconf 76' lang='lat' dir='ltr'>imperitoque</span> 
     </span>
     <span class='ocr_line' id='line_1_6' title="bbox 208 1317 1280 1411; baseline 0.002 -23"><span class='ocrx_word' id='word_1_32' title='bbox 208 1339 380 1406; x_wconf 82' lang='lat' dir='ltr'>sermone</span> <span class='ocrx_word' id='word_1_33' title='bbox 406 1341 475 1388; x_wconf 92' lang='lat' dir='ltr'>suo</span> <span class='ocrx_word' id='word_1_34' title='bbox 509 1317 683 1411; x_wconf 90' lang='lat' dir='ltr'>loquitur,</span> <span class='ocrx_word' id='word_1_35' title='bbox 715 1318 823 1410; x_wconf 89' lang='lat' dir='ltr'>cujus</span> <span class='ocrx_word' id='word_1_36' title='bbox 856 1318 1092 1410; x_wconf 87' lang='lat' dir='ltr'>«asperitate</span> <span class='ocrx_word' id='word_1_37' title='bbox 1125 1317 1280 1390; x_wconf 84' lang='lat' dir='ltr'>eruditae</span> 
     </span>
    </p>
   </div>
   <div class='ocr_carea' id='block_1_3' title="bbox 210 1462 686 1552">
    <p class='ocr_par' dir='ltr' id='par_1_3' title="bbox 210 1462 686 1552">
     <span class='ocr_line' id='line_1_7' title="bbox 210 1462 686 1552; baseline 0.015 -27"><span class='ocrx_word' id='word_1_38' title='bbox 210 1488 226 1526; x_wconf 72' lang='lat' dir='ltr'>a</span> <span class='ocrx_word' id='word_1_39' title='bbox 248 1483 359 1531; x_wconf 89' lang='lat' dir='ltr'>aures</span> <span class='ocrx_word' id='word_1_40' title='bbox 379 1462 564 1532; x_wconf 83' lang='lat' dir='ltr'>feriuntur</span> <span class='ocrx_word' id='word_1_41' title='bbox 584 1488 600 1526; x_wconf 75' lang='lat' dir='ltr'>a</span> <span class='ocrx_word' id='word_1_42' title='bbox 623 1464 686 1552; x_wconf 83' lang='lat'>(1).</span> 
     </span>
    </p>
   </div>
   <div class='ocr_carea' id='block_1_4' title="bbox 205 1607 1281 2417">
    <p class='ocr_par' dir='ltr' id='par_1_4' title="bbox 205 1607 1281 2417">
     <span class='ocr_line' id='line_1_8' title="bbox 253 1607 1278 1699; baseline 0 -22"><span class='ocrx_word' id='word_1_43' title='bbox 253 1608 542 1679; x_wconf 86' lang='lat' dir='ltr'>Consuetudinis</span> <span class='ocrx_word' id='word_1_44' title='bbox 571 1607 685 1696; x_wconf 87' lang='lat' dir='ltr'>igitur</span> <span class='ocrx_word' id='word_1_45' title='bbox 709 1608 787 1699; x_wconf 88' lang='lat' dir='ltr'>jam</span> <span class='ocrx_word' id='word_1_46' title='bbox 813 1608 971 1696; x_wconf 84' lang='lat' dir='ltr'>vigentis</span> <span class='ocrx_word' id='word_1_47' title='bbox 996 1617 1030 1678; x_wconf 90' lang='lat' dir='ltr'>et</span> <span class='ocrx_word' id='word_1_48' title='bbox 1057 1608 1197 1696; x_wconf 86' lang='lat' dir='ltr'>ingenii</span> <span class='ocrx_word' id='word_1_49' title='bbox 1218 1609 1278 1679; x_wconf 86' lang='lat' dir='ltr'>sui</span> 
     </span>
     <span class='ocr_line' id='line_1_9' title="bbox 208 1751 1281 1842; baseline -0.002 -20"><span class='ocrx_word' id='word_1_50' title='bbox 208 1774 326 1822; x_wconf 87' lang='lat' dir='ltr'>suasu</span> <span class='ocrx_word' id='word_1_51' title='bbox 361 1751 471 1821; x_wconf 90' lang='lat' dir='ltr'>adid</span> <span class='ocrx_word' id='word_1_52' title='bbox 504 1751 762 1842; x_wconf 81' lang='lat' dir='ltr'>impellebatur</span> <span class='ocrx_word' id='word_1_53' title='bbox 795 1752 994 1833; x_wconf 68' lang='lat' dir='ltr'>Caesarius</span> <span class='ocrx_word' id='word_1_54' title='bbox 1031 1760 1071 1821; x_wconf 88' lang='lat' dir='ltr'>ut</span> <span class='ocrx_word' id='word_1_55' title='bbox 1098 1751 1281 1842; x_wconf 83' lang='lat' dir='ltr'>despectis</span> 
     </span>
     <span class='ocr_line' id='line_1_10' title="bbox 205 1895 1280 1988; baseline -0.002 -22"><span class='ocrx_word' id='word_1_56' title='bbox 205 1896 374 1988; x_wconf 80' lang='lat' dir='ltr'>antiquis</span> <span class='ocrx_word' id='word_1_57' title='bbox 394 1895 650 1986; x_wconf 64' lang='lat' dir='ltr'>scriptoribus</span> <span class='ocrx_word' id='word_1_58' title='bbox 681 1895 750 1964; x_wconf 86' lang='lat' dir='ltr'>soli</span> <span class='ocrx_word' id='word_1_59' title='bbox 767 1896 966 1965; x_wconf 89' lang='lat' dir='ltr'>eruditioni</span> <span class='ocrx_word' id='word_1_60' title='bbox 991 1917 1109 1965; x_wconf 89' lang='lat' dir='ltr'>sacrae</span> <span class='ocrx_word' id='word_1_61' title='bbox 1139 1895 1178 1964; x_wconf 90' lang='lat' dir='ltr'>iu</span> <span class='ocrx_word' id='word_1_62' title='bbox 1202 1917 1280 1964; x_wconf 92' lang='lat' dir='ltr'>mo-</span> 
     </span>
     <span class='ocr_line' id='line_1_11' title="bbox 209 2025 1280 2130; baseline -0.001 -20"><span class='ocrx_word' id='word_1_63' title='bbox 209 2039 384 2110; x_wconf 86' lang='lat' dir='ltr'>nasteriis</span> <span class='ocrx_word' id='word_1_64' title='bbox 409 2048 484 2108; x_wconf 91' lang='lat' dir='ltr'>tam</span> <span class='ocrx_word' id='word_1_65' title='bbox 505 2025 605 2108; x_wconf 77' lang='lat' dir='ltr'>uiros</span> <span class='ocrx_word' id='word_1_66' title='bbox 624 2059 736 2130; x_wconf 91' lang='lat' dir='ltr'>quam</span> <span class='ocrx_word' id='word_1_67' title='bbox 757 2038 932 2108; x_wconf 87' lang='lat' dir='ltr'>mulieres</span> <span class='ocrx_word' id='word_1_68' title='bbox 951 2039 1153 2109; x_wconf 87' lang='lat' dir='ltr'>adhiberet.</span> <span class='ocrx_word' id='word_1_69' title='bbox 1175 2040 1280 2120; x_wconf 84' lang='lat' dir='ltr'>Quod</span> 
     </span>
     <span class='ocr_line' id='line_1_12' title="bbox 207 2181 1276 2274; baseline -0.001 -23"><span class='ocrx_word' id='word_1_70' title='bbox 207 2182 376 2274; x_wconf 89' lang='lat' dir='ltr'>equidem</span> <span class='ocrx_word' id='word_1_71' title='bbox 408 2181 684 2251; x_wconf 89' lang='lat' dir='ltr'>criminandum</span> <span class='ocrx_word' id='word_1_72' title='bbox 718 2189 753 2250; x_wconf 88' lang='lat' dir='ltr'>et</span> <span class='ocrx_word' id='word_1_73' title='bbox 782 2181 888 2268; x_wconf 86' lang='lat' dir='ltr'>nigro</span> <span class='ocrx_word' id='word_1_74' title='bbox 908 2181 1034 2272; x_wconf 90' lang='lat' dir='ltr'>lapillo</span> <span class='ocrx_word' id='word_1_75' title='bbox 1056 2182 1276 2262; x_wconf 90' lang='lat' dir='ltr'>notandum,</span> 
     </span>
     <span class='ocr_line' id='line_1_13' title="bbox 210 2325 1279 2417; baseline 0.001 -21"><span class='ocrx_word' id='word_1_76' title='bbox 210 2349 296 2398; x_wconf 92' lang='lat' dir='ltr'>cum</span> <span class='ocrx_word' id='word_1_77' title='bbox 316 2327 349 2396; x_wconf 89' lang='lat' dir='ltr'>is</span> <span class='ocrx_word' id='word_1_78' title='bbox 366 2336 464 2396; x_wconf 90' lang='lat' dir='ltr'>esset</span> <span class='ocrx_word' id='word_1_79' title='bbox 484 2325 683 2406; x_wconf 72' lang='lat' dir='ltr'>Caesarina,</span> <span class='ocrx_word' id='word_1_80' title='bbox 710 2326 773 2417; x_wconf 90' lang='lat' dir='ltr'>qui</span> <span class='ocrx_word' id='word_1_81' title='bbox 798 2347 865 2396; x_wconf 87' lang='lat' dir='ltr'>sua</span> <span class='ocrx_word' id='word_1_82' title='bbox 887 2326 1103 2397; x_wconf 86' lang='lat' dir='ltr'>auctoritate</span> <span class='ocrx_word' id='word_1_83' title='bbox 1126 2348 1146 2395; x_wconf 89' lang='lat' dir='ltr'>a</span> <span class='ocrx_word' id='word_1_84' title='bbox 1168 2348 1279 2416; x_wconf 88' lang='lat' dir='ltr'>prava</span> 
     </span>
    </p>
   </div>
   <div class='ocr_carea' id='block_1_5' title="bbox 210 2452 1280 2703">
    <p class='ocr_par' dir='ltr' id='par_1_5' title="bbox 210 2452 1280 2703">
     <span class='ocr_line' id='line_1_14' title="bbox 210 2452 1280 2562; baseline 0 -22"><span class='ocrx_word' id='word_1_85' title='bbox 210 2452 485 2540; x_wconf 85' lang='lat' dir='ltr'>consuetudine</span> <span class='ocrx_word' id='word_1_86' title='bbox 495 2470 540 2540; x_wconf 90' lang='lat' dir='ltr'>ad</span> <span class='ocrx_word' id='word_1_87' title='bbox 563 2470 735 2539; x_wconf 89' lang='lat' dir='ltr'>rectiores</span> <span class='ocrx_word' id='word_1_88' title='bbox 751 2492 844 2540; x_wconf 88' lang='lat' dir='ltr'>usus</span> <span class='ocrx_word' id='word_1_89' title='bbox 864 2471 1028 2562; x_wconf 87' lang='lat' dir='ltr'>aequales</span> <span class='ocrx_word' id='word_1_90' title='bbox 1046 2492 1136 2540; x_wconf 89' lang='lat' dir='ltr'>suos</span> <span class='ocrx_word' id='word_1_91' title='bbox 1150 2470 1280 2541; x_wconf 79' lang='lat' dir='ltr'>¹forsan</span> 
     </span>
     <span class='ocr_line' id='line_1_15' title="bbox 211 2610 1280 2703; baseline 0.001 -23"><span class='ocrx_word' id='word_1_92' title='bbox 211 2631 383 2681; x_wconf 88' lang='lat' dir='ltr'>revocare</span> <span class='ocrx_word' id='word_1_93' title='bbox 412 2620 548 2701; x_wconf 89' lang='lat' dir='ltr'>posset.</span> <span class='ocrx_word' id='word_1_94' title='bbox 584 2610 667 2680; x_wconf 91' lang='lat' dir='ltr'>Fuit</span> <span class='ocrx_word' id='word_1_95' title='bbox 699 2611 813 2698; x_wconf 84' lang='lat' dir='ltr'>igitur</span> <span class='ocrx_word' id='word_1_96' title='bbox 840 2633 860 2679; x_wconf 91' lang='lat' dir='ltr'>a</span> <span class='ocrx_word' id='word_1_97' title='bbox 890 2611 1015 2681; x_wconf 86' lang='lat' dir='ltr'>seculo</span> <span class='ocrx_word' id='word_1_98' title='bbox 1043 2620 1147 2681; x_wconf 87' lang='lat' dir='ltr'>sexto</span> <span class='ocrx_word' id='word_1_99' title='bbox 1173 2613 1280 2703; x_wconf 87' lang='lat' dir='ltr'>quasi</span> 
     </span>
    </p>
   </div>
   <div class='ocr_carea' id='block_1_6' title="bbox 209 2753 1376 2845">
    <p class='ocr_par' dir='ltr' id='par_1_6' title="bbox 209 2753 1376 2845">
     <span class='ocr_line' id='line_1_16' title="bbox 209 2753 1376 2845; baseline 0 -21"><span class='ocrx_word' id='word_1_100' title='bbox 209 2755 268 2825; x_wconf 86' lang='lat' dir='ltr'>lex</span> <span class='ocrx_word' id='word_1_101' title='bbox 296 2755 407 2842; x_wconf 84' lang='lat' dir='ltr'>vulgo</span> <span class='ocrx_word' id='word_1_102' title='bbox 434 2764 575 2845; x_wconf 90' lang='lat' dir='ltr'>recepta</span> <span class='ocrx_word' id='word_1_103' title='bbox 600 2755 698 2845; x_wconf 90' lang='lat' dir='ltr'>apud</span> <span class='ocrx_word' id='word_1_104' title='bbox 719 2755 924 2824; x_wconf 90' lang='lat' dir='ltr'>monachos</span> <span class='ocrx_word' id='word_1_105' title='bbox 944 2777 1062 2825; x_wconf 86' lang='lat' dir='ltr'>sacrae</span> <span class='ocrx_word' id='word_1_106' title='bbox 1082 2754 1280 2826; x_wconf 91' lang='lat' dir='ltr'>eruditioni</span> <span class='ocrx_word' id='word_1_107' title='bbox 1372 2753 1376 2761; x_wconf 77' lang='grc'>’</span> 
     </span>
    </p>
   </div>
   <div class='ocr_carea' id='block_1_7' title="bbox 208 2897 1088 2989">
    <p class='ocr_par' dir='ltr' id='par_1_7' title="bbox 208 2897 1088 2989">
     <span class='ocr_line' id='line_1_17' title="bbox 208 2897 1088 2989; baseline 0.001 -24"><span class='ocrx_word' id='word_1_108' title='bbox 208 2919 350 2980; x_wconf 87' lang='lat' dir='ltr'>vacare,</span> <span class='ocrx_word' id='word_1_109' title='bbox 374 2898 531 2968; x_wconf 91' lang='lat' dir='ltr'>nimium</span> <span class='ocrx_word' id='word_1_110' title='bbox 548 2906 671 2988; x_wconf 91' lang='lat' dir='ltr'>spreto</span> <span class='ocrx_word' id='word_1_111' title='bbox 687 2897 1088 2989; x_wconf 89' lang='lat' dir='ltr'>antiquitatis-honore,</span> 
     </span>
    </p>
   </div>
   <div class='ocr_carea' id='block_1_8' title="bbox 280 3087 1186 3163">
    <p class='ocr_par' dir='ltr' id='par_1_8' title="bbox 280 3087 1186 3163">
     <span class='ocr_line' id='line_1_18' title="bbox 280 3087 1186 3163; baseline -0.001 -18"><span class='ocrx_word' id='word_1_112' title='bbox 280 3090 382 3146; x_wconf 88' lang='lat' dir='ltr'>Penes</span> <span class='ocrx_word' id='word_1_113' title='bbox 398 3106 489 3163; x_wconf 87' lang='lat' dir='ltr'>quem</span> <span class='ocrx_word' id='word_1_114' title='bbox 510 3087 670 3145; x_wconf 88' lang='lat' dir='ltr'>arbitrium</span> <span class='ocrx_word' id='word_1_115' title='bbox 688 3093 736 3145; x_wconf 88' lang='lat' dir='ltr'>est</span> <span class='ocrx_word' id='word_1_116' title='bbox 750 3094 780 3144; x_wconf 84' lang='lat' dir='ltr'>et</span> <span class='ocrx_word' id='word_1_117' title='bbox 792 3088 845 3162; x_wconf 88' lang='lat' dir='ltr'>jus</span> <span class='ocrx_word' id='word_1_118' title='bbox 862 3098 892 3144; x_wconf 87' lang='lat' dir='ltr'>et</span> <span class='ocrx_word' id='word_1_119' title='bbox 907 3105 1014 3145; x_wconf 89' lang='lat' dir='ltr'>norma</span> <span class='ocrx_word' id='word_1_120' title='bbox 1031 3089 1186 3162; x_wconf 88' lang='lat' dir='ltr'>loquendi.</span> 
     </span>
    </p>
   </div>
   <div class='ocr_carea' id='block_1_9' title="bbox 209 3257 1281 3777">
    <p class='ocr_par' dir='ltr' id='par_1_9' title="bbox 209 3257 1281 3777">
     <span class='ocr_line' id='line_1_19' title="bbox 253 3257 1280 3348; baseline -0.001 -21"><span class='ocrx_word' id='word_1_121' title='bbox 253 3260 310 3327; x_wconf 86' lang='lat' dir='ltr'>Ex</span> <span class='ocrx_word' id='word_1_122' title='bbox 341 3279 382 3327; x_wconf 89' lang='lat' dir='ltr'>ea</span> <span class='ocrx_word' id='word_1_123' title='bbox 413 3257 681 3327; x_wconf 88' lang='lat' dir='ltr'>consuetudine</span> <span class='ocrx_word' id='word_1_124' title='bbox 716 3278 834 3348; x_wconf 87' lang='lat' dir='ltr'>neque</span> <span class='ocrx_word' id='word_1_125' title='bbox 860 3258 948 3337; x_wconf 86' lang='lat' dir='ltr'>vim,</span> <span class='ocrx_word' id='word_1_126' title='bbox 977 3278 1095 3348; x_wconf 90' lang='lat' dir='ltr'>neque</span> <span class='ocrx_word' id='word_1_127' title='bbox 1123 3257 1280 3327; x_wconf 91' lang='lat' dir='ltr'>nitorem</span> 
     </span>
     <span class='ocr_line' id='line_1_20' title="bbox 209 3400 1281 3492; baseline -0.002 -20"><span class='ocrx_word' id='word_1_128' title='bbox 209 3410 430 3492; x_wconf 88' lang='lat' dir='ltr'>acceperunt</span> <span class='ocrx_word' id='word_1_129' title='bbox 469 3401 601 3470; x_wconf 83' lang='lat' dir='ltr'>litterae</span> <span class='ocrx_word' id='word_1_130' title='bbox 638 3421 770 3469; x_wconf 87' lang='lat' dir='ltr'>sacrae.</span> <span class='ocrx_word' id='word_1_131' title='bbox 812 3400 923 3468; x_wconf 89' lang='lat' dir='ltr'>Modo</span> <span class='ocrx_word' id='word_1_132' title='bbox 963 3400 1114 3491; x_wconf 90' lang='lat' dir='ltr'>quidem</span> <span class='ocrx_word' id='word_1_133' title='bbox 1152 3401 1281 3491; x_wconf 84' lang='lat' dir='ltr'>jocoso</span> 
     </span>
     <span class='ocr_line' id='line_1_21' title="bbox 209 3543 1280 3632; baseline -0.004 -16"><span class='ocrx_word' id='word_1_134' title='bbox 209 3543 413 3632; x_wconf 83' lang='lat' dir='ltr'>Gregorius</span> <span class='ocrx_word' id='word_1_135' title='bbox 436 3545 599 3630; x_wconf 85' lang='lat' dir='ltr'>Magnus</span> <span class='ocrx_word' id='word_1_136' title='bbox 627 3544 823 3612; x_wconf 75' lang='lat' dir='ltr'>confessus</span> <span class='ocrx_word' id='word_1_137' title='bbox 852 3551 930 3611; x_wconf 91' lang='lat' dir='ltr'>erat</span> <span class='ocrx_word' id='word_1_138' title='bbox 958 3565 998 3612; x_wconf 85' lang='lat' dir='ltr'>se</span> <span class='ocrx_word' id='word_1_139' title='bbox 1027 3569 1043 3608; x_wconf 89' lang='lat'>«</span> <span class='ocrx_word' id='word_1_140' title='bbox 1074 3543 1280 3614; x_wconf 84' lang='lat' dir='ltr'>metacismi</span> 
     </span>
     <span class='ocr_line' id='line_1_22' title="bbox 210 3685 1281 3777; baseline 0.005 -26"><span class='ocrx_word' id='word_1_141' title='bbox 210 3687 499 3766; x_wconf 84' lang='lat' dir='ltr'>«collisionem,</span> <span class='ocrx_word' id='word_1_142' title='bbox 534 3685 757 3755; x_wconf 81' lang='lat' dir='ltr'>barbarismi</span> <span class='ocrx_word' id='word_1_143' title='bbox 786 3685 1045 3754; x_wconf 86' lang='lat' dir='ltr'>confusionem</span> <span class='ocrx_word' id='word_1_144' title='bbox 1077 3713 1093 3750; x_wconf 74' lang='lat' dir='ltr'>a</span> <span class='ocrx_word' id='word_1_145' title='bbox 1124 3691 1171 3777; x_wconf 82' lang='lat'>(2)</span> <span class='ocrx_word' id='word_1_146' title='bbox 1205 3709 1281 3756; x_wconf 88' lang='lat' dir='ltr'>non</span> 
     </span>
    </p>
   </div>
   <div class='ocr_carea' id='block_1_10' title="bbox 207 3829 1282 3918">
    <p class='ocr_par' dir='ltr' id='par_1_10' title="bbox 207 3829 1282 3918">
     <span class='ocr_line' id='line_1_23' title="bbox 207 3829 1282 3918; baseline 0.001 -17"><span class='ocrx_word' id='word_1_147' title='bbox 207 3831 392 3914; x_wconf 82' lang='lat' dir='ltr'>devitare3</span> <span class='ocrx_word' id='word_1_148' title='bbox 428 3851 516 3900; x_wconf 88' lang='lat' dir='ltr'>mox</span> <span class='ocrx_word' id='word_1_149' title='bbox 542 3852 628 3899; x_wconf 89' lang='lat' dir='ltr'>vero</span> <span class='ocrx_word' id='word_1_150' title='bbox 656 3829 857 3918; x_wconf 86' lang='lat' dir='ltr'>Gregorius</span> <span class='ocrx_word' id='word_1_151' title='bbox 886 3831 990 3912; x_wconf 85' lang='lat' dir='ltr'>alter,</span> <span class='ocrx_word' id='word_1_152' title='bbox 1019 3832 1282 3903; x_wconf 84' lang='lat' dir='ltr'>celeberrimus</span> 
     </span>
    </p>
   </div>
   <div class='ocr_carea' id='block_1_11' title="bbox 207 4031 1282 4329">
    <p class='ocr_par' dir='ltr' id='par_1_11' title="bbox 207 4031 1282 4329">
     <span class='ocr_line' id='line_1_24' title="bbox 243 4031 1281 4132; baseline 0.005 -22"><span class='ocrx_word' id='word_1_153' title='bbox 243 4055 281 4125; x_wconf 81' lang='lat' dir='ltr'>(l)</span> <span class='ocrx_word' id='word_1_154' title='bbox 307 4059 347 4112; x_wconf 81' lang='lat' dir='ltr'>In</span> <span class='ocrx_word' id='word_1_155' title='bbox 365 4054 580 4113; x_wconf 81' lang='lat' dir='ltr'>vituAtcuim&#39;</span> <span class='ocrx_word' id='word_1_156' title='bbox 604 4031 641 4111; x_wconf 88' lang='lat' dir='ltr'>ab</span> <span class='ocrx_word' id='word_1_157' title='bbox 657 4072 811 4129; x_wconf 87' lang='lat' dir='ltr'>anonymo</span> <span class='ocrx_word' id='word_1_158' title='bbox 835 4033 959 4132; x_wconf 82' lang='lat' dir='ltr'>scripta.</span> <span class='ocrx_word' id='word_1_159' title='bbox 985 4056 1099 4113; x_wconf 88' lang='lat' dir='ltr'>Patrol.</span> <span class='ocrx_word' id='word_1_160' title='bbox 1124 4056 1188 4125; x_wconf 77' lang='lat' dir='ltr'>lat,</span> <span class='ocrx_word' id='word_1_161' title='bbox 1213 4063 1232 4112; x_wconf 85' lang='lat' dir='ltr'>t.</span> <span class='ocrx_word' id='word_1_162' title='bbox 1247 4057 1281 4122; x_wconf 91' lang='lat' dir='ltr'>C,</span> 
     </span>
     <span class='ocr_line' id='line_1_25' title="bbox 207 4153 1282 4230; baseline -0.001 -18"><span class='ocrx_word' id='word_1_163' title='bbox 207 4172 274 4228; x_wconf 85' lang='lat' dir='ltr'>cap.</span> <span class='ocrx_word' id='word_1_164' title='bbox 288 4155 316 4222; x_wconf 81' lang='lat'>2,</span> <span class='ocrx_word' id='word_1_165' title='bbox 332 4154 390 4211; x_wconf 89' lang='lat' dir='ltr'>col.</span> <span class='ocrx_word' id='word_1_166' title='bbox 405 4154 498 4223; x_wconf 70' lang='lat' dir='ltr'>tlt-92,</span> <span class='ocrx_word' id='word_1_167' title='bbox 515 4153 620 4210; x_wconf 89' lang='lat' dir='ltr'>videre</span> <span class='ocrx_word' id='word_1_168' title='bbox 637 4158 684 4210; x_wconf 81' lang='lat' dir='ltr'>ast</span> <span class='ocrx_word' id='word_1_169' title='bbox 699 4155 853 4227; x_wconf 90' lang='lat' dir='ltr'>quomodo</span> <span class='ocrx_word' id='word_1_170' title='bbox 867 4156 1019 4212; x_wconf 89' lang='lat' dir='ltr'>Alcuinus</span> <span class='ocrx_word' id='word_1_171' title='bbox 1040 4173 1056 4212; x_wconf 89' lang='lat' dir='ltr'>a</span> <span class='ocrx_word' id='word_1_172' title='bbox 1077 4157 1282 4230; x_wconf 83' lang='lat' dir='ltr'>scriptoribus</span> 
     </span>
     <span class='ocr_line' id='line_1_26' title="bbox 208 4253 733 4329; baseline -0.002 -20"><span class='ocrx_word' id='word_1_173' title='bbox 208 4253 346 4329; x_wconf 78' lang='lat' dir='ltr'>profanis</span> <span class='ocrx_word' id='word_1_174' title='bbox 362 4253 502 4325; x_wconf 82' lang='lat' dir='ltr'>legendis</span> <span class='ocrx_word' id='word_1_175' title='bbox 519 4259 666 4309; x_wconf 87' lang='lat' dir='ltr'>avocatus</span> <span class='ocrx_word' id='word_1_176' title='bbox 683 4255 733 4309; x_wconf 88' lang='lat' dir='ltr'>sit.</span> 
     </span>
    </p>
   </div>
   <div class='ocr_carea' id='block_1_12' title="bbox 243 4351 1217 4426">
    <p class='ocr_par' dir='ltr' id='par_1_12' title="bbox 243 4351 1217 4426">
     <span class='ocr_line' id='line_1_27' title="bbox 243 4351 1217 4426; baseline 0.002 -20"><span class='ocrx_word' id='word_1_177' title='bbox 243 4352 284 4422; x_wconf 80' lang='lat'>(2)</span> <span class='ocrx_word' id='word_1_178' title='bbox 298 4352 441 4424; x_wconf 85' lang='lat' dir='ltr'>Gregorii</span> <span class='ocrx_word' id='word_1_179' title='bbox 455 4352 560 4424; x_wconf 85' lang='lat' dir='ltr'>Magni</span> <span class='ocrx_word' id='word_1_180' title='bbox 576 4369 680 4426; x_wconf 84' lang='lat' dir='ltr'>opera.</span> <span class='ocrx_word' id='word_1_181' title='bbox 696 4351 810 4409; x_wconf 89' lang='lat' dir='ltr'>Patrol.</span> <span class='ocrx_word' id='word_1_182' title='bbox 826 4352 889 4422; x_wconf 86' lang='lat' dir='ltr'>lat,</span> <span class='ocrx_word' id='word_1_183' title='bbox 904 4359 923 4408; x_wconf 87' lang='lat' dir='ltr'>t.</span> <span class='ocrx_word' id='word_1_184' title='bbox 940 4353 1062 4423; x_wconf 86' lang='lat' dir='ltr'>LXXV,</span> <span class='ocrx_word' id='word_1_185' title='bbox 1079 4353 1137 4410; x_wconf 88' lang='lat' dir='ltr'>col.</span> <span class='ocrx_word' id='word_1_186' title='bbox 1155 4353 1217 4410; x_wconf 88' lang='lat'>515.</span> 
     </span>
    </p>
   </div>
   <div class='ocr_carea' id='block_1_13' title="bbox 0 0 1540 4956">
    <p class='ocr_par' dir='ltr' id='par_1_13' title="bbox 0 0 1540 4956">
     <span class='ocr_line' id='line_1_28' title="bbox 0 0 1540 4956; baseline 0 0"><span class='ocrx_word' id='word_1_187' title='bbox 0 0 1540 4956; x_wconf 95' lang='lat' dir='ltr'> </span> 
     </span>
    </p>
   </div>
  </div>
 </body>
</html>
