3058 4960
619 517 802 586 ..55-

177 744 313 811 «Aves
346 722 465 812 sancti
498 750 585 811 sunt
612 743 710 833 quod
733 743 778 811 ad
806 742 996 832 superiora
1027 742 1135 812 corde
1162 764 1243 812 ero-

176 911 193 950 «
215 886 290 969 lent
296 941 361 956 .....
385 886 544 974 Onager,
562 886 712 955 eremita
719 941 785 956 .....
800 887 954 978 Vulpes,
974 886 1172 955 haereticus
1190 886 1245 954 rel

176 1053 192 1091 «
214 1027 443 1098 diabolus...
460 1028 590 1109 Asine,
612 1049 698 1097 caro
714 1029 769 1097 vel
788 1029 891 1128 plebs
911 1049 1043 1098 carens
1063 1028 1128 1096 Dei
1150 1027 1242 1096 noti-

176 1195 193 1234 «
216 1171 263 1239 tia
271 1225 337 1240 .....
362 1171 485 1261 talpae,
518 1171 614 1240 idola
643 1171 699 1240 vel
720 1171 884 1240 haeretiei
913 1171 976 1262 qui
1012 1192 1086 1239 non
1121 1171 1245 1240 vident

177 1339 193 1376 c
215 1313 405 1382 veritatem
428 1341 444 1378 »
467 1315 514 1401 (1)
536 1314 700 1382 Humani
722 1314 1056 1404 quoque'corporis
1078 1314 1243 1382 membra

174 1456 373 1543 allegorico
402 1477 516 1525 sensu
544 1477 620 1524 non
647 1464 799 1524 carent:
828 1482 845 1520 «
872 1457 1022 1536 Vertex,
1045 1456 1245 1525 summitas

178 1627 194 1664 «
213 1600 388 1691 justitiae;
418 1600 569 1680 collum,
592 1601 726 1668 Sancta
747 1600 956 1690 Scriptura;
984 1610 1122 1691 pectus
1145 1623 1245 1670 arca-

178 1768 194 1806 «
217 1763 308 1811 num
325 1742 602 1830 intelligentiae;
634 1743 763 1824 lumbi,
786 1744 960 1812 fortitudo
985 1744 1123 1827 animi3
1144 1766 1244 1826 ossa,

178 1912 194 1950 u
216 1886 375 1955 firmitas
395 1885 542 1954 animi»
566 1888 627 1974 (2).

222 2029 404 2098 Eumdem
420 2029 628 2116 allegoricae
653 2029 967 2120 interpretationis
991 2032 1143 2101 modum
1169 2053 1246 2122 pree

176 2193 217 2241 se
251 2171 319 2240 sert
352 2172 558 2240 Eucherius
588 2172 626 2241 in
656 2173 749 2242 libro
781 2195 850 2242 suo
870 2178 1169 2261 ¹lastratctz'oamn
1197 2175 1243 2243 ad

177 2315 385 2395 Salonium,
409 2315 617 2406 pariterque
637 2317 873 2407 prosequitur
902 2326 942 2386 ut
970 2319 1145 2408 mysticos
1165 2339 1246 2386 sen·

177 2480 245 2527 sus
264 2458 426 2526 filiosuo
444 2468 591 2527 reseret.
614 2460 857 2548 Interrogavit
875 2461 1051 2529 Salonius
1069 2483 1076 2529 :
1096 2488 1112 2526 «
1130 2462 1247 2542 Quem

179 2628 195 2665 «
218 2601 404 2689 significat
418 2601 545 2671 dicens
568 2625 575 2670 :
599 2603 866 2672 Exterminavit
886 2625 967 2673 eam
988 2625 1076 2694 aper
1095 2604 1139 2673 de
1154 2605 1246 2686 silva

180 2770 196 2809 «
219 2753 253 2814 et
272 2744 477 2832 singularis
504 2745 605 2814 ferus
624 2745 801 2835 depastus
827 2757 883 2815 est
908 2751 1012 2815 enm?
1032 2774 1049 2812 »
1079 2731 1146 2817 Cui
1175 2769 1247 2817 res-

179 2888 315 2976 pondet
334 2887 541 2956 Eucherius
568 2910 575 2956 :
607 2889 787 2978 «Aprum
810 2889 868 2957 hie
887 2889 1177 2979 Vespasianum,
1208 2899 1248 2959 ut

181 3056 198 3094 «
223 3030 375 3121 quidam
404 3030 543 3111 dicunt,
579 3031 657 3099 vult
686 3031 854 3118 intelligi,
881 3031 944 3122 qui
973 3031 1124 3101 Judoeos
1152 3033 1248 3101 bello

181 3198 198 3236 c
219 3174 387 3243 vastarit.
419 3174 655 3262 Singularem
689 3174 821 3255 lerum,
851 3176 987 3256 Titum,
1023 3177 1248 3266 Vespasiani

181 3334 197 3372 e
220 3307 351 3388 tilium,
398 3308 460 3398 qui
497 3309 702 3377 Jerusalem
741 3309 1016 3398 oppugnatione
1051 3331 1248 3400 cousump-

182 3476 198 3514 α
220 3450 307 3519 sit»
330 3452 392 3538 (3).

224 3592 296 3662 Ubi
330 3614 416 3662 vero
446 3593 573 3662 nullus
603 3594 713 3676 datur
743 3594 951 3681 allegoricae
983 3595 1248 3684 interpretatio-

182 3735 242 3803 nis
268 3736 384 3816 locus,
414 3745 492 3804 tum
521 3736 566 3805 ad
596 3757 677 3805 earn
706 3758 818 3826 quam
850 3737 1093 3825 anagogicam
1122 3738 1251 3808 dieunt

181 3874 338 3944 deflectit
365 3875 584 3956 Eucherius
614 3899 680 3946 seu
700 3878 745 3947 ad
766 3899 806 3948 ea
830 3899 915 3970 quae
944 3878 1125 3948 credenda
1146 3887 1247 3959 sunt,

183 4027 261 4088 tum
290 4019 335 4087 ad
366 4019 630 4108 tropologicam
661 4021 810 4104 dictam,
844 4023 890 4091 ad
915 4043 969 4103 ea,
991 4043 1077 4113 quae
1107 4022 1249 4109 agenda

217 4225 256 4295 (l)
273 4223 406 4280 Eucher.
422 4223 567 4282 Forenti.
584 4223 663 4296 spir.
681 4224 770 4284 intel.
785 4224 899 4283 Patrol.
917 4225 980 4290 lat,
997 4225 1055 4284 col.
1073 4225 1199 4282 tat-753.

218 4323 257 4394 (2)
274 4322 350 4380 lbid.
367 4322 426 4381 col.
444 4321 505 4378 758.

218 4422 258 4494 (3)
273 4425 426 4479 instruet.
442 4421 493 4477 lib.
510 4421 531 4476 l.
546 4421 659 4479 Patrol.
675 4421 738 4492 lat,
754 4428 773 4476 t.
788 4422 821 4493 L,
838 4421 895 4480 col.
915 4423 976 4480 775.
