3072 4956
635 525 680 538 -
706 487 766 555 101
791 525 836 538 -—

204 709 450 779 Cassiodorus
472 710 511 778 in
527 732 569 780 eo
591 711 767 804 libroqui
787 715 829 780 ele
848 715 1085 780 Institutione
1103 713 1273 780 litonoelrt

203 854 440 942 inscribitur3
462 855 663 945 multisque
683 854 845 950 etcertis
862 855 1093 942 argumentis
1111 880 1127 919 a
1150 861 1272 922 aucto-

205 1026 221 1064 «
245 1021 327 1068 rum
362 998 586 1067 secularium
624 998 854 1066 lectionem»
886 1019 1004 1088 neque
1042 1019 1125 1068 esse
1158 997 1273 1065 chris·

203 1143 316 1212 tionis
349 1143 513 1210 illicitam
554 1164 671 1232 neque
709 1164 729 1209 a
764 1142 911 1210 Sanctis
949 1143 1123 1211 Patribus
1158 1141 1274 1210 fuisse

202 1287 411 1376 despectam
439 1309 446 1353 :
480 1287 783 1354 «Verumtamen
814 1305 880 1353 nec
898 1285 993 1354 illud
1013 1289 1143 1356 Patres
1167 1309 1273 1356 sanc-

206 1454 222 1492 «
246 1428 380 1496 tissimi
417 1429 672 1508 decreverunt,
718 1436 758 1496 ut
802 1428 1026 1497 secularium
1066 1429 1272 1498 litterarum

206 1598 223 1636 «
245 1572 366 1641 studia
388 1581 653 1662 respuantur...
689 1571 796 1641 Multi
825 1572 958 1670 iterum
986 1576 1115 1642 Patres
1136 1573 1272 1672 talibus

207 1741 223 1782 «
246 1716 378 1784 eruditi
404 1725 438 1784 et
467 1716 505 1783 in
535 1715 613 1802 lege
636 1716 776 1784 domini
804 1725 1063 1806 permanentes
1083 1717 1129 1786 ad
1149 1738 1274 1786 veram

206 1859 467 1948 «sapientiam
517 1868 803 1949 pervenerunt...
854 1861 939 1952 quis
990 1861 1089 1930 enim
1142 1863 1275 1931 audeat

208 2029 223 2068 a
247 2004 382 2073 habere
419 2003 573 2072 dubium
613 2003 675 2072 ubi
714 2004 877 2072 virorum
917 2005 1045 2074 talium
1082 2005 1275 2095 multiplex

208 2173 224 2212 «
250 2148 423 2237 praecedit
442 2147 679 2237 exemplum?
701 2173 716 2211 »
740 2149 801 2234 (1).
827 2149 934 2216 Alea
958 2169 1042 2238 quae
1063 2148 1178 2216 multa
1197 2156 1276 2216 arte

207 2291 417 2381 inscriptis
444 2291 524 2359 suis
552 2291 763 2359 effundebat
792 2291 1049 2370 Cassiodorus,
1078 2300 1275 2359 consuetu-

207 2434 386 2518 dinema
418 2435 474 2503 via
509 2456 576 2503 sua
610 2434 804 2503 deflexisse
834 2455 909 2503 non
943 2434 1125 2513 videntur,
1161 2454 1277 2524 eoque

207 2577 405 2646 oblivionis
444 2578 574 2647 litterae
613 2578 739 2647 latinee
780 2578 1025 2658 devenerunt,
1054 2587 1095 2646 ut
1127 2576 1276 2667 aliquod

202 2701 336 2791 'earum
357 2721 553 2809 vestigium
575 2721 710 2790 seculis
726 2722 883 2811 septimo
903 2730 938 2790 el
956 2730 1083 2790 octavo
1103 2720 1142 2788 in
1158 2719 1275 2789 Gallia

209 2863 272 2931 vix
293 2863 410 2953 possit
431 2863 594 2954 reperiri.
617 2865 695 2944 Qua
712 2855 756 2932 de
776 2885 814 2932 re
834 2864 1015 2932 exclamat
1034 2863 1277 2949 Fredegarius

209 3007 248 3076 in
269 3008 420 3098 prologo
440 3009 612 3077 Chronioi
633 3009 691 3077 sui
715 3032 722 3076 :
747 3035 763 3073 α
792 3009 958 3077 Mundus
983 3008 1154 3088 senescit,
1181 3008 1277 3076 ideo·

208 3176 228 3215 a
250 3173 321 3241 que
355 3152 560 3241 prudentiae
598 3173 754 3222 acumen
793 3153 831 3220 in
862 3152 970 3220 nobis
1004 3151 1180 3241 tepefecit,
1212 3172 1279 3220 nee

212 3319 228 3357 a
250 3293 450 3384 quisquam
485 3302 603 3384 potest
636 3293 749 3383 hujus
779 3295 955 3384 temporis
985 3316 1051 3363 nec
1085 3295 1280 3384 praesumit

212 3461 228 3499 «
251 3435 460 3504 oratoribus
498 3457 580 3504 esse
613 3435 748 3504 similis
782 3462 798 3500 »
839 3438 900 3525 (2).
941 3439 1059 3517 Quam
1102 3437 1278 3506 inclinata
1319 3483 1323 3496 ·

204 3579 360 3659 tuerint,
394 3579 444 3647 ait
475 3579 728 3659 MahilloniuS,
756 3580 795 3646 in
823 3581 1009 3649 occidente
1029 3602 1093 3670 per
1112 3581 1279 3649 seculum

212 3722 446 3813 septimum«
470 3724 591 3793 studia
614 3724 819 3792 litterarum
840 3733 985 3793 constat
1005 3745 1050 3793 ex
1070 3723 1130 3793 liis
1158 3725 1280 3793 verbis

214 3893 230 3932 a
249 3887 354 3956 papea
386 3867 608 3954 Agathonis,
645 3869 811 3958 patribus
843 3869 980 3960 Synodi
1006 3889 1172 3937 romanae
1193 3869 1281 3937 scri-

215 4025 231 4065 «
252 4001 406 4069 beatis:
433 4003 516 4070 Non
547 4002 781 4072 aestimamus
801 4024 1026 4095 quemquam
1053 4002 1281 4092 temporibus

249 4223 288 4294 (l)
304 4222 481 4280 Cassiodori
497 4242 601 4298 opera.
615 4225 729 4284 Patrol.
744 4226 808 4292 lat,
825 4231 844 4283 t.
862 4227 956 4291 LXX,
972 4225 1029 4283 col.
1047 4226 1127 4282 1142.

249 4321 289 4394 (2)
301 4321 506 4394 Fredegarias
520 4323 726 4393 :cononicam
738 4328 789 4382 Ee
801 4341 945 4382 monum.
959 4327 1064 4384 Germ.
1076 4324 1147 4382 trist.
1157 4327 1279 4397 proloo.
