3058 4960
291 747 406 832 retur,
430 741 574 812 diutius
594 748 740 813 exstare
760 763 837 813 non
857 747 1012 835 poterat.
1038 741 1140 813 Dum
1163 747 1292 813 autem
1313 762 1355 813 ea

291 905 376 977 quae
406 905 543 977 magno
571 884 735 956 decursu
756 883 939 978 temporis
962 889 1065 955 tanta
1090 883 1209 976 gloria
1228 883 1355 976 vigue-

291 1033 376 1097 rant
412 1025 650 1118 dilabuntur,
689 1049 787 1099 nova
832 1027 1009 1121 quaedam
1043 1048 1173 1098 rerum
1212 1026 1355 1121 species

292 1169 399 1262 quasi
418 1169 681 1261 adumbratur,
704 1170 964 1265 paulatimque
985 1170 1143 1242 clariore
1169 1169 1253 1241 luce
1272 1192 1355 1265 per-

290 1310 373 1382 fusa
401 1318 436 1383 ot
466 1313 588 1384 nitore
622 1336 690 1384 suo
723 1313 940 1409 spectabilis
967 1336 987 1385 e
1020 1314 1143 1385 ruinis
1176 1313 1354 1407 exsurgit.

292 1455 341 1527 Ut
373 1456 425 1527 ait
452 1455 644 1550 Virgilius⁷
682 1483 699 1527 <‹
727 1457 887 1551 Magnus
919 1455 966 1529 ab
994 1457 1141 1550 integro
1166 1457 1354 1528 seclorum

290 1599 460 1671 nascitur
479 1600 583 1672 ordo.
607 1625 623 1669 >›

338 1742 469 1815 Multis
496 1765 541 1814 ex
566 1744 691 1815 causis
722 1766 818 1838 quae,
853 1745 1011 1840 depulsa
1039 1767 1197 1818 romana
1224 1765 1355 1816 rerum

289 1886 422 1979 figura,
456 1891 628 1980 tempora
660 1908 757 1958 nova
789 1888 1000 1959 instaurare
1032 1887 1245 1976 valuerunt,
1279 1908 1355 1959 una

289 2031 329 2102 in
361 2029 497 2125 primis
523 2032 690 2103 notanda
715 2039 781 2122 est,
808 2032 952 2106 scilicet
975 2033 1253 2106 monachorum
1280 2032 1356 2103 ins-

289 2173 425 2246 titutio.
467 2200 483 2244 «
503 2173 582 2246 Nec
613 2175 820 2248 minimum
857 2200 1032 2249 meruere
1064 2177 1191 2266 decus,
1214 2201 1231 2245 ›>
1266 2196 1355 2247 cum

289 2317 361 2410 ipsi
380 2316 529 2389 artibus
547 2324 584 2388 et
603 2318 759 2391 scientia
778 2320 969 2392 silvestres
986 2319 1163 2391 homines
1179 2318 1356 2412 populos-

290 2484 364 2555 que
383 2463 500 2534 rudes
520 2463 752 2536 erudiendos
773 2464 1020 2559 susceperint,
1048 2463 1290 2556 maximeque
1307 2462 1355 2534 ad

290 2606 593 2700 componendam
627 2607 855 2701 indigestam
880 2606 1023 2679 molem
1051 2606 1353 2679 allaboraverint.

289 2747 462 2842 Longum
496 2757 552 2822 est
578 2751 747 2845 quidem,
782 2750 848 2822 sed
877 2751 1003 2823 studio
1030 2750 1259 2844 ingenioque
1292 2771 1356 2819 cu-

289 2892 379 2964 riosi
397 2892 565 2965 hominis
585 2894 694 2966 valde
714 2894 874 2988 dignum
894 2894 1088 2988 inquirere
1111 2916 1185 2987 qua
1204 2893 1354 2981 virtute,

290 3057 365 3129 qua
385 3029 474 3128 arte,
501 3060 576 3131 qua
595 3037 786 3110 malorum
812 3038 1011 3110 tolerantia
1037 3037 1075 3126 ii,
1103 3058 1200 3131 quos
1226 3057 1356 3107 mona-

290 3177 381 3250 chos
400 3186 545 3270 vocant,
573 3203 668 3276 opus
687 3191 909 3275 susceptum
928 3179 1157 3275 perfecerint
1178 3202 1184 3250 :
1209 3203 1226 3248 «
1248 3176 1355 3249 urhis

290 3344 396 3416 opus,
419 3347 435 3392 »
458 3324 561 3418 quod
581 3324 760 3419 equidem
784 3323 969 3417 tantisper
992 3327 1163 3397 nostram
1186 3326 1354 3392 mentem

289 3470 462 3556 tentarat,
488 3467 520 3537 si
538 3467 721 3538 mediocri
740 3466 880 3537 virtute
901 3465 1003 3537 haud
1027 3465 1230 3537 mediocris
1249 3463 1356 3536 labor

289 3614 490 3679 contentus
515 3631 597 3680 osse
616 3615 753 3702 posset.
782 3609 870 3680 Fuit
893 3609 1008 3702 igitur
1034 3608 1143 3703 quasi
1172 3607 1356 3702 sapientia

290 3751 497 3844 quamdam
523 3751 713 3823 minutam
740 3758 889 3824 tantum
916 3751 1040 3846 operis
1065 3757 1212 3846 partem
1233 3751 1356 3821 inves-

290 3893 417 3987 tigarc.

338 4035 442 4109 lnter
467 4038 636 4110 civitates
658 4038 867 4134 Antipolim
892 4046 928 4111 et
954 4039 1099 4112 Forum
1122 4038 1225 4129 Julii‚
1248 4038 1356 4132 juxta

290 4180 614 4252 mediterraneum
638 4181 818 4276 gallicum
837 4182 954 4273 littus
980 4183 1020 4254 in
1041 4181 1167 4253 medio
1188 4181 1355 4275 quodam

290 4323 377 4395 sinu
397 4324 620 4398 circumfusi
640 4326 758 4398 maris
778 4332 926 4398 exstant
949 4326 1111 4421 geminae
1135 4324 1356 4420 grandiores
