3058 4960
644 501 821 571 ..35-

198 723 336 794 scilicet
355 727 388 793 V
390 741 612 819 manusque,
632 727 818 818 «juvenes
832 725 1149 796 admirandissimi
1167 752 1183 790 »
1203 727 1215 812 (
1238 728 1264 814 ),

198 868 261 960 qui
288 878 485 961 postquam
519 873 564 940 ab
598 871 741 941 Hilario
770 870 932 961 primum
964 870 1010 940 ad
1044 851 1263 948 doctrinam,

197 1012 330 1082 deinde
362 1036 382 1082 a
416 1015 613 1085 Vincentio
647 1016 894 1107 Salvianoque
932 1015 978 1083 ad
1012 1013 1265 1083 humanarum

198 1153 403 1225 litterarum
442 1157 606 1227 studium
645 1159 683 1226 in
722 1158 845 1228 insula
884 1157 1076 1227 Lerinensi
1117 1155 1263 1225 formati

197 1307 298 1381 sunt,
322 1327 338 1364 «
360 1301 637 1392 dispensatione
658 1304 781 1374 divina
802 1313 911 1396 atque
927 1302 1066 1393 judicio
1094 1300 1263 1388 magistri

199 1469 215 1507 a
237 1445 476 1516 ecclesiarum
497 1468 578 1516 esse
598 1450 789 1537 cmperunt
806 1473 822 1512 a
845 1449 905 1536 (2).
942 1448 1030 1527 Quae
1050 1445 1264 1515 recoluerit

196 1587 391 1680 utriusque
410 1591 571 1672 fortuna,
597 1612 673 1660 non
699 1591 790 1660 satis
810 1598 967 1660 constat.
990 1589 1164 1659 Salonius
1184 1588 1263 1681 qui-

195 1729 278 1799 dem
299 1752 408 1821 quem
429 1732 627 1802 Salvianus
647 1732 874 1802 amicissime
893 1731 1118 1824 alloquitur:
1139 1757 1154 1794 a
1172 1730 1262 1798 cari-

197 1849 213 1938 a
232 1883 289 1943 tas
309 1897 403 1958 mea,
431 1876 481 1945 mi
507 1877 635 1946 Saloni
658 1904 673 1942 a
702 1886 891 1968 vocatque,
919 1901 936 1940 a
958 1876 1070 1945 decus
1091 1882 1261 1944 nostrum

194 2040 237 2088 ac
257 2019 481 2101 subsidium,
505 2048 523 2086 »
545 2023 593 2110 (3)
614 2042 727 2113 quam
745 2019 989 2110 episcopalem
1012 2019 1137 2088 sedem
1157 2039 1261 2088 occu-

194 2163 346 2253 paverit,
369 2164 550 2235 incertum
570 2174 637 2247 est,
660 2187 744 2235 cum
765 2165 827 2234 alii
848 2165 998 2245 Genuae,
1020 2164 1178 2234 Genovfe
1198 2163 1260 2232 alii

193 2304 300 2375 illum
333 2308 534 2376 ascribant.
565 2309 738 2377 Verauus
770 2315 892 2376 autem
926 2308 964 2374 in
995 2306 1139 2375 civitate
1164 2306 1260 2374 Von-

193 2448 321 2529 ciensi,
358 2471 470 2540 prope
502 2451 645 2519 Varum
679 2450 846 2530 flurium,
886 2449 1082 2539 episcopus
1115 2456 1261 2519 creatus

191 2602 271 2675 est3
300 2615 416 2684 eoque
442 2594 480 2663 iu
501 2615 655 2663 munere
681 2620 697 2659 α
719 2595 787 2663 fuit
807 2602 885 2663 tum
906 2592 1260 2663 observantissimus

194 2762 211 2802 «
234 2737 334 2805 sedis
354 2737 564 2827 apostolicae
587 2747 621 2807 et
643 2737 904 2808 tenacissimus
927 2738 1099 2807 defensor
1117 2735 1259 2827 jurium

193 2905 211 2962 q
235 2881 475 2951 ecclesiarum
503 2909 519 2948 n
550 2885 610 2972 (li).
647 2883 693 2952 Hi
721 2890 857 2963 autem,
886 2882 1004 2951 amica
1039 2890 1073 2951 et
1097 2881 1258 2948 fraterna

192 3025 429 3094 aemulatione
444 3026 693 3117 conspirante,
717 3028 851 3097 librum
873 3026 1071 3118 quemdam
1101 3030 1143 3094 cle
1169 3029 1258 3091 Pro-

190 3171 326 3237 ccrbz'z's
363 3169 595 3257 dialogorum
634 3171 742 3240 modo
776 3171 1078 3261 conscripserunt
1111 3192 1118 3238 :
1149 3168 1258 3257 cujus

190 3333 315 3381 sermo
344 3335 412 3382 sua
442 3323 546 3384 aelate
572 3315 774 3402 elegantior
802 3337 883 3384 eam
914 3315 1149 3406 disciplinam
1177 3337 1258 3406 quae

189 3456 230 3525 iu
251 3456 378 3526 schola
404 3457 597 3527 Lerinensi
617 3459 773 3547 vigebat,
802 3460 949 3529 abunde
972 3461 1255 3530 commendavit.

234 3599 336 3669 Nihil
360 3603 533 3692 estquod
560 3603 604 3672 de
625 3603 765 3672 Sidonii
790 3604 1043 3694 Appollinaris
1068 3605 1179 3674 fratre
1205 3606 1257 3674 di·

188 3764 333 3824 camus,
362 3745 470 3836 cujus
497 3747 607 3815 etiam
635 3768 770 3816 nomen
800 3748 1005 3836 ignoratur,
1040 3749 1114 3818 uisi
1142 3749 1186 3818 de
1215 3771 1257 3818 eo

187 3891 329 3960 mentio
356 3892 407 3973 fit,
438 3914 523 3961 cum
549 3894 683 3963 dicitur
712 3917 719 3962 :
751 3922 767 3959 «
796 3897 1101 3989 Quandoquidem
1128 3920 1197 3969 nos
1218 3897 1255 3967 in

224 4116 265 4186 (l)
280 4116 415 4172 Salviani
431 4135 522 4191 opera
541 4133 547 4173 :
564 4119 661 4192 Epist.
678 4119 749 4174 Vlll
763 4121 800 4176 ad
814 4121 1011 4180 Eucherium.

224 4216 264 4285 (2)
280 4214 446 4271 Salvianus
464 4232 469 4271 ι
488 4217 583 4290 Epist.
601 4216 683 4282 Vlll,
697 4209 735 4273 ¹ad
753 4217 949 4277 Eucherium.

224 4313 263 4385 (3)
281 4312 407 4370 lbidein.

224 4409 262 4482 (l)
282 4411 491 4482 Chronolopia
505 4412 613 4480 Leria,
632 4419 650 4467 t.
668 4413 689 4480 Ι,
706 4431 735 4491 p.
751 4413 813 4473 362.
