3058 4960
632 517 811 585 ..51-

187 735 506 816 Quemadmodum
546 738 585 808 in
620 740 758 810 scholis
786 739 964 820 romanie,
1004 739 1087 810 licet
1115 740 1256 809 adeles·

186 890 312 950 centes
349 882 448 951 varie
486 883 665 973 palestra,
705 885 867 962 musica,
914 884 1072 975 aliisque
1114 885 1257 954 artibus

186 1026 465 1106 exercebantur,
476 1046 561 1095 eum
578 1034 700 1094 tamen
717 1027 947 1117 praecipuum
963 1027 1075 1097 finem
1091 1028 1255 1097 intende-

187 1168 289 1248 bant,
315 1177 356 1236 ut
375 1169 518 1239 exirent
537 1177 714 1250 oratores,
741 1171 789 1238 ita
811 1171 850 1238 in
871 1171 1010 1240 scholis
1034 1172 1253 1241 monasticis

186 1311 445 1392 communiter,
469 1332 613 1380 necnon
633 1313 730 1401 apud
750 1312 984 1394 Leninenses‚
1007 1314 1043 1383 id
1064 1322 1142 1383 enat
1162 1335 1255 1404 prae·

186 1452 293 1544 cipue
328 1453 525 1535 intentum,
561 1463 601 1523 ut
633 1423 860 1525 insonnandi
889 1456 1141 1525 adolescentes
1174 1478 1255 1525 eam

186 1596 380 1665 scientiam
400 1620 471 1688 qua
495 1621 598 1668 sacra
622 1599 820 1686 Theelegia
841 1601 1034 1680 conflatur,
1057 1621 1255 1691 conseque·

186 1748 327 1808 rentur.
349 1743 423 1809 Nec
444 1740 593 1821 inicum,
616 1763 700 1810 culn
722 1742 913 1830 theologos
934 1743 1171 1834 potiusquam
1192 1751 1256 1813 aut

183 1885 461 1971 grammaticae,
483 1893 546 1954 aut
562 1885 738 1966 rhetores5
755 1906 837 1954 sese
856 1885 1055 1955 exhibeant
1075 1895 1153 1955 turn
1175 1908 1252 1955 ma-

184 2027 315 2122 gistri„
333 2037 410 2097 tum
431 2028 602 2118 discipuli
623 2028 857 2097 Lecinenses
880 2031 968 2098 Erat
987 2029 1100 2116 igitur
1122 2029 1160 2097 in
1182 2029 1254 2119 pni-

183 2171 256 2240 1nis
278 2171 481 2260 theologice
498 2174 677 2242 Honorati
695 2173 834 2242 schola.
857 2173 1175 2264 Complectehatur
1191 2194 1254 2241 au·

184 2324 257 2383 tem
283 2316 381 2406 apud
407 2288 603 2386 insulanos
635 2316 837 2404 theologica
863 2316 1016 2385 scientia
1047 2343 1063 2380 «
1087 2317 1254 2386 omniaa

185 2483 203 2522 «
226 2458 394 2548 patribus
418 2459 559 2528 sanclis
583 2441 771 2549 acceptas.
799 2482 819 2528 a
845 2460 1051 2550 majoribus
1078 2461 1252 2532 tradita...

184 2629 202 2666 «ι
224 2623 310 2693 quae
330 2603 468 2672 scilicet
487 2603 623 2680 divinae
648 2603 740 2692 legis
765 2603 993 2684 auctoritate,
1021 2613 1099 2674 tuni
1123 2605 1256 2675 deinde

185 2771 202 2810 «
224 2746 400 2816 Ecclesiae
433 2747 624 2816 catholicae
654 2747 886 2817 traditione»
909 2748 956 2836 (1)
984 2748 1249 2838 probabantur.

183 2891 242 2960 Ab
269 2890 486 2959 auctoritate
514 2891 623 2978 Legis
642 2899 676 2959 el
695 2891 740 2959 ab
767 2891 1012 2959 ecelesiastica
1039 2891 1254 2960 T1·aditione

184 3061 201 3098 a
223 3034 323 3124 quod
356 3033 504 3124 ubique,
540 3034 637 3124 quod
676 3054 833 3122 semper,
868 3034 966 3124 quod
993 3034 1038 3102 ab
1075 3036 1251 3105 omnibus

184 3204 202 3242 «
224 3175 404 3246 creditum
420 3186 476 3246 est
492 3204 508 3242 »
531 3179 578 3266 (2)
596 3177 778 3266 petebant.
803 3177 946 3256 Quibus
973 3198 1017 3244 ex
1039 3176 1255 3266 theologicis

183 3319 363 3399 fontibus
388 3340 472 3386 cuin
499 3318 600 3386 Sacri
621 3318 721 3387 Libui
742 3318 862 3404 magis
883 3326 1007 3386 essent
1027 3317 1064 3385 in
1082 3327 1253 3408 promptu
1322 3361 1326 3366 ,

172 3483 297 3562 *quain
317 3454 515 3530 innumera
540 3461 728 3530 volumina
749 3464 916 3541 Petrum,
938 3460 1151 3552 majoreque
1171 3482 1254 3530 auc-

184 3605 342 3684 toritate,
376 3605 517 3674 natione
546 3604 714 3692 originis
744 3605 934 3693 pellerent,
965 3611 1104 3693 quanto
1132 3603 1254 3672 studio

183 3756 218 3816 et
243 3749 367 3815 lavore
394 3767 457 3814 eos
487 3745 707 3837 perleget-int
735 3744 956 3812 Lcrinenses
980 3743 1152 3834 discipuli
1175 3745 1253 3834 jam
1344 3757 1348 3764 '

183 3891 222 3958 in
243 3899 370 3979 aperto
390 3898 457 3958 est.
480 3889 584 3968 Quod
602 3897 723 3957 tamen
744 3887 865 3974 inagis
884 3887 1092 3955 declaratur
1111 3887 1157 3955 iis
1178 3909 1253 3956 0111-

183 4033 296 4102 nibus
316 4055 401 4123 quae
422 4033 573 4101 tentavit
593 4031 780 4100 Caesarius
799 4031 1041 4111 Arelatensis
1064 4040 1104 4100 ut
1124 4033 1254 4101 Sacro-

219 4269 255 4341 (l)
271 4272 426 4328 Vincenlii
443 4271 543 4325 Lerin.
563 4275 735 4336 Conamen,
753 4287 819 4342 cap.
837 4271 858 4326 l.

219 4371 257 4442 (2)
388 4367 464 4425 lhid.
609 4365 683 4422 lhid.
741 4385 808 4440 cap.
825 4368 862 4425 ll.
