3058 4960
646 527 826 598 ...17-

202 759 286 827 Non
306 754 412 825 aliter
431 753 568 824 sentire
587 753 730 823 videtur
749 752 979 834 Gennadius¹
996 751 1104 844 eujus
1124 759 1269 822 senten-

203 900 305 981 tiam,
333 907 375 968 ut
405 919 531 989 pacem
552 917 636 968 cum
656 897 865 966 Arelatensi
891 895 1089 988 episcopo„
1106 895 1165 999 cui
1196 896 1270 966 fere

203 1045 360 1138 aequalis
380 1052 469 1125 erat,
499 1043 715 1124 habeamus
745 1042 784 1113 in
812 1043 975 1113 medium
996 1043 1114 1133 placet
1139 1041 1270 1112 allerrc

204 1189 258 1258 sic
276 1207 492 1277 expressam
518 1208 526 1254 :
559 1211 576 1250 «
598 1185 720 1276 aliqua
741 1194 776 1255 et
795 1207 908 1275 parva
941 1185 1052 1255 edidit
1080 1206 1165 1288 quae
1189 1204 1269 1254 eru-

203 1334 290 1404 ditae
310 1332 448 1402 animae
476 1356 493 1396 «
523 1339 558 1401 et
585 1331 706 1400 fidelis
734 1331 874 1419 linguae
900 1330 1037 1400 indicio
1070 1337 1159 1400 sunt
1190 1353 1197 1398 :
1231 1329 1270 1398 in

203 1476 340 1570 quibus
359 1473 545 1565 praecipue
574 1473 621 1543 ad
650 1473 854 1543 multorum
885 1473 1119 1543 «utilitatem
1147 1493 1270 1542 neces-

205 1651 222 1690 «
244 1624 344 1694 sario
363 1642 472 1713 opere
490 1621 603 1692 vitam
631 1621 675 1690 Sti
695 1621 877 1691 Honorati
898 1618 1184 1711 praedecessoris
1210 1619 1269 1690 sui

193 1793 221 1831 ·«
243 1763 450 1855 composuit
470 1788 487 1827 »
514 1764 575 1852 (1).
598 1763 640 1830 ln
663 1763 809 1833 civitate
830 1762 1038 1832 Arelatensi
1063 1761 1098 1831 vi
1122 1770 1270 1833 creatus

203 1909 412 2000 episeopus,
434 1909 530 1980 circa
551 1929 694 1980 annum
714 1931 733 1977 a
754 1909 806 1976 X⁰
826 1907 1008 1977 CCCCXL
1028 1905 1130 1976 obiit.

248 2055 301 2123 Eo
317 2061 568 2145 temporeque
583 2052 750 2123 Hilarius
765 2051 967 2121 Lerinense
986 2049 1268 2131 monasterium,

204 2202 396 2270 Honorato
433 2199 538 2280 duce,
573 2199 768 2287 ingressus
802 2197 975 2267 Eucherii
1008 2197 1105 2267 filios
1139 2197 1270 2287 primis

203 2344 457 2433 grammaticae
485 2343 576 2414 artis
603 2343 823 2414 rudimentis
849 2343 1087 2424 informabat,
1109 2342 1270 2413 Vincen-

204 2487 296 2557 tium
326 2487 537 2579 quemdam,
568 2486 613 2556 de
641 2487 749 2578 cujus
782 2486 900 2577 patria
934 2494 970 2555 et
1006 2486 1146 2555 familia
1179 2486 1298 2556 satis·

202 2629 420 2717 ambiguum
462 2637 533 2711 est,
577 2630 674 2699 inter
717 2628 914 2698 insulanos
956 2628 1102 2699 Lerinae
1151 2629 1270 2699 fuisse

202 2773 464 2863 comperimus.
500 2773 615 2864 Cujus
647 2771 678 2842 si
712 2781 817 2876 aetas
849 2772 965 2863 patria
1000 2781 1034 2842 et
1067 2772 1285 2864 aliquando'

203 2916 313 2986 etiam
344 2937 480 2986 nomen
501 2915 539 2985 in
561 2916 701 2986 incerto
729 2915 843 2995 luere,
877 2923 1000 2984 tamen
1033 2915 1130 2985 inter
1156 2914 1270 3005 hujus

204 3060 318 3129 seculi
365 3060 564 3150 scriptores
610 3059 726 3147 gloria
767 3079 843 3127 non
882 3059 1033 3128 incerta.
1080 3060 1116 3128 ls
1155 3058 1268 3140 enirn,

204 3225 314 3295 quem
347 3205 470 3294 inepte
502 3204 694 3273 consulem
729 3203 845 3273 fuisse
877 3202 1006 3273 dicunt
1041 3229 1057 3269 »
1093 3205 1140 3293 (2)
1179 3202 1268 3285 alii;

204 3347 266 3418 alii
299 3368 384 3418 vero
417 3365 637 3436 germanum
671 3347 764 3438 Lupi
793 3346 987 3417 Trecensis
1022 3346 1174 3428 faciunt,
1207 3355 1271 3418 aut
1313 3335 1315 3342 Α

241 3649 279 3721 (l)
296 3651 334 3705 Dc
349 3647 429 3706 ciris
446 3647 638 3713 illustrium,
655 3664 722 3722 cap.
738 3648 782 3703 69.
805 3649 919 3706 Patrol.
942 3649 992 3704 lat.
1014 3648 1101 3720 Mig„
1122 3654 1141 3704 t.
1161 3649 1268 3718 LVlll,

204 3747 261 3805 col.
278 3747 357 3804 1100.

240 3845 279 3915 (2)
293 3845 466 3912 Tillemont,
486 3845 666 3911 Me'moires,
693 3850 711 3900 t.
726 3826 803 3913 ‘th
825 3863 894 3920 pag.
919 3844 979 3900 143.
1007 3878 1039 3886 -
1067 3847 1165 3910 Rivet,
1185 3847 1268 3902 Hist.

205 3942 276 4011 litt,
293 3949 313 3998 t.
332 3943 369 4007 11,
393 3963 421 4018 p.
444 3944 497 4002 305
523 3969 532 3993 ο
563 3945 595 3998 ln
621 3945 751 4020 primam
776 3946 859 4000 venit
885 3945 1068 4000 sententiam
1092 3945 1269 4001 Baronius:

203 4043 356 4106 lineales,
391 4042 428 4098 ad
464 4060 562 4098 annos
596 4042 1198 4099 cccc-ccccxxxl-cccexxxlu
1237 4045 1269 4098 ln

205 4139 371 4195 secundam
389 4140 600 4205 MobilloniuS,
615 4143 757 4196 Annales
785 4143 857 4197 Ord.
873 4141 1052 4209 aroenae„
1077 4146 1097 4196 t.
1123 4142 1145 4208 l,
1170 4141 1221 4196 lib.
1246 4143 1269 4206 l,

205 4257 233 4310 p.
247 4237 291 4292 14.
317 4268 351 4280 -
375 4238 407 4293 ln
434 4239 552 4294 tertiam
575 4239 720 4312 Ampere‚
745 4239 827 4295 Hist.
850 4239 921 4308 lita,
945 4244 965 4295 t.
992 4240 1029 4308 ll,
1056 4258 1084 4319 p.
1111 4238 1163 4309 ‘l8;
1190 4257 1269 4321 quos

205 4352 313 4394 omnes
325 4337 462 4394 confutat
476 4335 690 4395 Tillernontius
706 4337 772 4395 loco
788 4339 890 4398 citato.
