3072 4956
512 579 522 602 ,
604 504 806 572 -mo-

175 754 191 793 a
210 729 391 819 judicium
414 729 629 808 informant,
663 727 833 798 animum
855 727 1065 819 perpoliunt
1085 737 1120 797 et
1139 749 1242 797 exor-

174 897 192 934 «
214 880 306 939 nant
331 881 441 962 atque
469 872 515 940 ad
542 871 688 940 virtutis
718 870 883 940 studium
912 871 1069 940 docilem
1099 879 1242 960 aptum-

173 1039 190 1078 «
212 1035 283 1104 que
302 1013 467 1082 efficiunt
488 1040 504 1078 a
528 1015 589 1102 (l).
624 1015 715 1094 Quae
742 1013 774 1082 si
794 1013 994 1081 Lanlranci
1025 1014 1135 1082 verba
1156 1034 1242 1082 cum

173 1156 335 1225 tenebris
361 1157 474 1247 hujus
501 1155 786 1243 merovingiacae
805 1155 939 1236 aetatis
961 1177 1033 1246 qua
1054 1165 1242 1225 momento

173 1298 328 1388 periisse
342 1299 484 1368 videtur
500 1299 731 1390 antiquitatis
744 1299 878 1379 cultus,
894 1299 1075 1379 conserua,
1094 1298 1242 1387 planius

173 1442 356 1530 intelliges
376 1442 422 1512 ad
443 1443 614 1512 homines
634 1443 855 1512 excolendos
877 1443 965 1533 quid
987 1442 1131 1532 prosint
1150 1442 1243 1510 anti-

172 1607 255 1678 quae
275 1596 387 1657 artes.

218 1730 376 1800 Felicius
397 1729 566 1820 equidem
593 1729 665 1816 egit
685 1729 885 1809 Caesarius,
916 1729 1244 1820 auctoritatemque

173 1895 282 1942 suam
308 1873 355 1942 ad
382 1871 597 1941 Lerinensis
631 1872 848 1942 monasterii
882 1872 1095 1942 institutum
1122 1871 1243 1959 magis

136 2075 139 2081 .
174 2014 477 2095 accommodavit,
508 2036 593 2083 cum
619 2015 657 2083 in
680 2014 820 2084 scholis
841 2014 900 2083 hic
919 2023 954 2083 et
973 2014 1048 2082 illic
1071 2014 1242 2084 creandis

174 2159 402 2229 allaboravit.
424 2159 600 2248 Legimus
619 2159 719 2228 enim
747 2158 933 2228 Hilarium
954 2161 1015 2246 (2),
1047 2168 1243 2249 postquam
1341 2207 1345 2212 -

174 2327 220 2373 ex
239 2305 362 2374 insula
384 2304 551 2384 eductus
580 2304 741 2394 episcopi
769 2326 910 2374 munus
934 2305 972 2373 in
993 2305 1136 2374 civitate
1157 2308 1244 2374 Are-

175 2448 555 2538 latensisusceperat,
574 2443 613 2517 ul
629 2448 785 2538 juvenes
805 2447 1040 2517 erudirentur
1060 2448 1098 2516 in
1118 2447 1243 2516 schola

174 2613 325 2682 operam
341 2590 488 2660 dedisse
511 2614 518 2658 :
541 2591 638 2661 idem
653 2569 821 2680 de'Lupo
839 2590 1011 2659 Trecensi
1032 2592 1093 2678 (3),
1115 2599 1151 2658 et
1165 2590 1246 2680 ipso

175 2735 390 2805 Lerinensis
419 2734 557 2804 scholae
581 2735 747 2814 alumno,
779 2734 916 2815 lertur;
944 2755 1063 2824 neque
1082 2733 1182 2802 aliud
1203 2732 1247 2802 de

176 2879 313 2947 Fausto
346 2876 496 2945 Reiensi
532 2876 669 2944 sentire
707 2875 763 2944 las
801 2884 868 2956 est,
905 2875 1077 2966 quamvis
1115 2894 1246 2964 parum

175 3030 331 3100 constet,
366 3029 492 3088 utrum
528 3018 678 3088 Reiensi
708 3018 747 3086 in
781 3018 925 3087 civitate
958 3040 1006 3086 an
1041 3018 1079 3086 in
1109 3017 1246 3098 insula,

177 3163 354 3252 magister
377 3162 569 3232 exstiterit.
599 3162 742 3242 Quibus
762 3161 942 3251 exemplis
970 3161 1128 3252 aliisque
1157 3160 1246 3229 citra
1345 3183 1351 3195 ’

176 3307 331 3377 dubium
353 3307 502 3396 ponitur
521 3306 748 3396 episcopales
768 3305 917 3374 scholas
937 3327 957 3374 a
974 3305 1098 3374 seculo
1115 3305 1248 3395 quinto
1292 3372 1294 3377 .

177 3461 300 3520 ortum
330 3450 551 3540 sumpsisse.
582 3451 722 3517 Praeter
750 3469 826 3528 eas
856 3447 1118 3517 historicorum
1151 3445 1248 3514 testi-

178 3594 317 3664 moniis
332 3593 513 3662 asseritur
527 3592 621 3661 alias
639 3591 826 3660 exstitisse
841 3591 1002 3671 scholas,
1020 3611 1114 3681 quas
1129 3610 1249 3674 porce-

179 3735 290 3800 cz'oles
315 3737 459 3809 vocant,
489 3725 643 3797 maximi
672 3725 821 3816 quidem
842 3724 1020 3794 momenti
1041 3724 1087 3793 ad
1108 3723 1249 3792 litteras

180 3885 244 3954 per
259 3862 436 3953 populum
460 3860 679 3948 vulgandas
702 3879 861 3950 quarum
882 3857 987 3927 initia
1007 3855 1249 3947 conjunctum

215 4079 256 4152 (Ι)
279 4077 370 4152 Apud
393 4074 594 4148 Ziegelbauer
619 4090 625 4129 :
652 4074 735 4132 Hist.
757 4072 807 4130 rei
823 4073 919 4130 litter.
944 4069 1118 4135 Benedict„
1141 4068 1194 4126 lib.
1212 4068 1249 4137 ll,

181 4159 349 4323 pqfficm
362 4249 415 4312 SS,
433 4251 452 4301 t.
469 4246 506 4314 ll,
521 4243 605 4314 Maii,
623 4263 651 4318 p.
668 4242 713 4311 28,
731 4243 823 4299 n012.

216 4340 257 4412 (3)
271 4339 379 4395 Guizot
394 4352 400 4392 :
417 4334 499 4392 nist.
517 4338 555 4391 de
572 4339 602 4392 lo
617 4332 731 4390 civilis.
749 4347 789 4390 en
803 4335 937 4402 Franco,
955 4337 976 4391 t.
994 4332 1016 4402 l,
1033 4329 1083 4388 liv.
1098 4330 1150 4400 ΙΙΙ,
1163 4347 1193 4403 p.
1205 4327 1250 4385 93.
