3072 4956
738 501 917 570 ..96-

290 728 492 820 aliuspost
511 725 626 796 alium
640 733 847 795 conantur.
879 728 1026 794 Norunt
1046 746 1178 796 omnes
1197 747 1362 816 quonum

290 872 401 941 modo
429 893 449 938 a
471 891 605 939 somno
627 869 809 938 excitatus
833 869 1047 938 Ciceronem
1069 890 1243 959 respuere
1261 891 1363 939 coac·

291 1025 351 1095 tus
379 1014 437 1083 sit
472 1013 685 1104 prodigiose
719 1013 981 1103 Hieronymus,
1020 1013 1130 1103 cujus
1167 1014 1363 1082 sententiar

290 1165 438 1248 aptatur
467 1155 704 1243 Augustinus
733 1177 818 1224 cum
846 1155 891 1224 de
919 1155 1086 1245 profanis
1118 1155 1362 1246 scriptoribus

290 1297 499 1370 haecdicit:
523 1324 539 1362 a
562 1300 704 1368 Forsan
724 1297 978 1387 abripuissent
993 1319 1051 1366 me
1073 1320 1093 1366 a
1115 1297 1362 1368 solidamento

230 1485 232 1492 -
292 1468 308 1507 «
330 1439 489 1534 pietatis.
507 1467 522 1505 »
545 1442 601 1509 En
613 1460 724 1527 grave
738 1439 880 1511 crimen
900 1441 997 1530 quod
1017 1439 1055 1508 in
1076 1441 1264 1532 antiquos,
1286 1441 1363 1510 sive

290 1584 439 1664 latinos
472 1583 549 1652 sive
579 1603 723 1670 graecos
752 1581 951 1672 scriptores
981 1583 1182 1671 effingitur,
1215 1606 1362 1676 quoque

290 1728 436 1797 facilius
451 1726 675 1813 intelligitur
693 1748 764 1818 qua
786 1726 830 1794 de
849 1748 998 1795 causan
1020 1727 1126 1796 libris
1142 1728 1197 1796 vel
1214 1750 1234 1796 a
1252 1730 1361 1798 rebus

291 1870 471 1962 profanis,
490 1869 683 1939 christiani
701 1870 854 1939 lectores
867 1871 1116 1960 scriptoresve
1134 1871 1359 1942 abstineant.

289 1983 791 2092 Audi-Paulinum,Ans0nii
811 2011 1050 2102 discipulum,
1072 2013 1118 2082 ad
1139 2013 1361 2101 magistrum

290 2158 514 2229 scribentem
538 2181 545 2226 :

540 2301 660 2357 Vacare
676 2303 763 2356 vanis
780 2303 840 2357 otio
857 2309 910 2357 aut
923 2304 1064 2376 strepitu,

612 2400 650 2455 Et
665 2399 796 2457 fabulari
812 2401 922 2456 litteris

539 2499 639 2562 Vetat,
654 2498 720 2553 suis
736 2504 769 2552 nt
784 2515 950 2572 pareamus
962 2498 1097 2572 legibus

611 2597 788 2668 Lucemque
801 2613 966 2653 cernamus
982 2615 1070 2654 suam
1086 2601 1137 2670 (l).

334 2742 424 2810 Post
461 2738 587 2809 divum
621 2738 822 2808 Paulinum
852 2740 890 2808 in
919 2741 1083 2811 medium
1115 2743 1279 2832 prolerre
1306 2744 1361 2812 fas

290 2896 345 2957 est
364 2885 507 2990 Sidonii
528 2885 752 2974 exemplum,
779 2907 902 2977 quem,
935 2913 951 2949 α
973 2896 1170 2978 postquam
1191 2888 1231 2956 in
1252 2888 1362 2957 silen-

292 3056 308 3095 «
330 3030 380 3098 tio
408 3027 572 3098 decurrit
599 3036 674 3095 tres
703 3027 945 3119 olympiadas,
977 3037 1051 3098 tam
1078 3030 1190 3119 pudet
1223 3051 1362 3102 novum

291 3199 308 3238 «
330 3193 458 3262 poema
477 3173 657 3243 conficere
676 3194 789 3265 quam
810 3172 940 3261 piget»
964 3174 1034 3261 (2);
1056 3173 1202 3265 alioque
1221 3174 1260 3242 in
1283 3175 1362 3244 loco

290 3320 361 3390 sibi
395 3320 616 3407 gratulatur,
656 3321 755 3413 quod
790 3346 806 3384 «
838 3321 996 3390 multum
1035 3322 1079 3390 de
1108 3321 1246 3412 poetica
1284 3333 1362 3392 arte

291 3461 487 3553 «perdidit
517 3489 533 3528 u
575 3465 645 3553 (3);
686 3464 908 3554 tandemque
950 3465 1158 3534 studiorum
1204 3488 1360 3535 suorum

289 3603 498 3683 immemor,
515 3603 561 3671 ad
582 3603 618 3671 id
634 3566 791 3682 devenit,
809 3611 849 3670 ut
865 3602 965 3691 poesi
987 3603 1164 3672 valedicat
1187 3627 1195 3671 :

538 3762 648 3819 Clerici
665 3780 703 3818 ne
719 3762 791 3835 quid
807 3763 941 3818 maculet
957 3764 1090 3834 rigorem

663 3861 756 3916 Fama
774 3866 862 3935 poeta
880 3860 929 3930 (l).

304 4065 362 4137 v(l)
378 4065 481 4122 Sancti
497 4064 619 4120 Paulini
636 4082 741 4138 opera.
758 4065 873 4121 Patrol.
891 4065 941 4120 lat.
960 4073 980 4121 t⁴
996 4065 1075 4132 LXI,
1090 4069 1179 4141 epist.
1196 4067 1223 4123 l.

324 4156 364 4226 (2)
378 4155 445 4212 Lib.
463 4155 515 4223 IX,
533 4156 623 4228 epist.
641 4155 685 4211 12.
918 4146 921 4153 ¹

324 4245 364 4317 (3)
377 4244 443 4301 Lib.
461 4244 514 4312 IX,
528 4245 618 4318 epist.
637 4243 679 4301 l3.

324 4335 359 4408 (4ί
376 4334 478 4390 Carm.
498 4332 550 4403 lX,
568 4351 595 4388 v.
614 4333 656 4388 16.
