3058 4960
191 761 287 833 quos
316 759 450 811 ornnes
482 736 717 830 antiquiores
749 738 953 832 scriptores
987 735 1168 810 libentius
1202 739 1258 810 di-

191 904 274 954 cam
298 905 305 954 :
331 904 377 953 ex
397 880 673 954 recentioribus
703 901 792 953 vero
821 881 916 962 rnihi
940 887 1078 976 praesto
1102 881 1259 954 luerunt

191 1028 299 1100 Goux
314 1031 351 1098 et
364 1026 490 1115 Allien
508 1047 674 1118 quorum
689 1025 849 1119 primus,
871 1052 887 1096 r
904 1025 1036 1097 Lirius
1057 1049 1107 1097 uu
1121 1025 1178 1095 Vm‘
1190 1026 1258 1097 sib-

191 1171 254 1260 cle,
275 1195 291 1239 >i
326 1171 420 1241 alter
448 1191 537 1241 vero
570 1194 586 1238 r
617 1168 782 1241 Histoire
814 1171 866 1242 du
893 1170 1100 1242 morrustbre
1127 1171 1170 1242 de
1191 1168 1259 1240 Le'-

191 1316 270 1386 rins
290 1339 306 1383 >i
331 1313 563 1408 composuit3
584 1312 726 1406 quibus
741 1313 877 1386 merito
894 1313 1151 1408 subjungendi
1168 1319 1259 1384 sunt
1279 1311 1281 1316 ’

189 1457 245 1530 JJ.
266 1458 441 1551 Ampere,
463 1455 605 1545 Guizot‚
632 1456 794 1545 Faunei,
824 1457 890 1550 qui
913 1457 953 1528 in
979 1456 1159 1551 operibus
1179 1458 1258 1528 suis

190 1603 301 1696 plura
330 1601 377 1672 de
403 1600 675 1673 Lerinensibus
702 1601 839 1673 studiis
872 1600 1066 1674 interdum
1096 1602 1260 1673 miscue-

192 1750 290 1815 runt.
312 1745 360 1815 At
379 1744 546 1815 rnulturn
567 1743 756 1814 desiderio
775 1743 847 1815 luit
860 1743 937 1814 fere
957 1744 1053 1816 nihil
1072 1745 1255 1834 invenire,

191 1887 294 1981 quod
313 1888 461 1959 adrem
482 1909 607 1958 mearn
628 1887 838 1976 conveniat,
859 1889 898 1959 in
919 1887 1084 1960 libro'de
1104 1887 1259 1982 Episco-

186 2030 338 2128 pulibus
363 2029 497 2100 sobolis
527 2052 549 2101 a
574 2030 731 2102 Claudio
753 2027 854 2124 Jouy
880 2029 1105 2123 conscripto,
1134 2053 1278 2124 neque

191 2176 230 2247 in
252 2196 365 2268 opere
391 2172 446 2243 De
470 2172 605 2243 sobolis
634 2171 894 2244 celebrioribus
927 2173 1030 2267 quod
1060 2174 1181 2246 edidit
1212 2175 1259 2246 de

191 2317 358 2412 Launoy,
384 2317 451 2400 ‚vel
478 2317 523 2398 in
553 2313 650 2387 libro
671 2316 737 2408 qui
759 2314 1008 2387 inscribitur:
1030 2315 1194 2388 Histoire
1215 2318 1259 2388 de

192 2461 413 2532 leducatiori
446 2482 491 2531 en
517 2457 663 2530 Fruere
694 2481 716 2530 a
742 2458 866 2554 Thery
895 2460 1132 2555 composito:
1158 2460 1261 2532 Leri-

191 2627 351 2677 nensern
389 2625 478 2675 vero
515 2601 686 2674 scholarn
719 2623 767 2673 ne
803 2602 931 2674 citavit
963 2603 1120 2696 quidern
1157 2601 1259 2675 Leon

192 2750 325 2821 Maitre
352 2749 392 2819 in
420 2745 517 2818 libro
547 2768 616 2818 suo
650 2771 657 2818 :
690 2771 706 2814 «
738 2744 807 2816 Les
831 2726 963 2817 llcoles
983 2746 1206 2841 episcopales
1226 2752 1260 2819 et

191 2892 444 2984 monastiques
463 2891 507 2962 de
524 2889 733 2962 l'Occident.
759 2915 775 2959 a

240 3033 473 3106 Narraturus
491 3054 580 3104 vero
605 3032 652 3104 de
670 3031 785 3104 rebus
807 3055 829 3104 a
846 3033 957 3104 nobis
977 3034 1144 3105 rnaxinro
1165 3040 1259 3105 tenr-

192 3176 295 3271 poris
314 3177 479 3247 decursu
495 3177 736 3268 distantibus,
753 3182 796 3248 nt
808 3178 914 3272 potui
930 3178 1107 3268 nraxirne,
1124 3199 1259 3249 verum

192 3325 436 3415 percontatus
455 3341 542 3391 sum
566 3342 587 3391 a
615 3319 865 3415 scriptoribus
892 3345 934 3393 ea
962 3328 1069 3393 aetate
1097 3321 1260 3414 vigenti-

193 3467 276 3557 bus,
298 3468 398 3538 inter
418 3487 514 3559 quos
535 3465 760 3537 Lerinenses
779 3467 970 3560 primurm
996 3465 1134 3537 deinde
1155 3466 1261 3537 Sido-

193 3611 302 3682 nium
323 3611 594 3705 Apollinarem,
621 3610 845 3703 Gregoriunr
872 3611 1145 3700 Turonensern,
1171 3610 1260 3682 For-

194 3759 381 3844 tunatnnr‚
398 3753 628 3844 Ennodiunr,
644 3754 815 3847 aliosque
832 3753 1085 3825 adnumerare
1105 3775 1260 3846 eequunr

193 3893 375 3965 videtur:
402 3915 568 3986 quornm
599 3916 713 3989 opera
749 3895 808 3966 vel
841 3916 886 3964 ex
920 3893 1084 3965 editione
1119 3894 1261 3966 Beroli-

194 4028 304 4099 nensi
324 4028 384 4100 cui
408 4029 571 4101 titulus:
599 4055 616 4098 <‹
645 4029 886 4101 Monumentu
913 4028 1261 4102 Gernroniae'bisto-

193 4172 283 4259 rico,
307 4195 323 4239 >i
360 4171 419 4242 vel
450 4193 495 4242 ex
528 4194 571 4244 ea
603 4194 688 4265 quae
717 4170 1025 4243 Vindobonensis
1056 4171 1261 4243 acaderniae

195 4337 285 4387 cura
304 4320 340 4386 et
361 4315 487 4388 studio
516 4316 632 4409 praelo
653 4315 857 4387 mandatur
877 4315 1010 4408 collegi
1032 4339 1038 4386 :
1065 4315 1261 4386 interdurn

195 4464 323 4531 tamen
359 4458 570 4554 Mignianas
601 4457 786 4531 editiones
823 4457 986 4531 libenter
1020 4458 1259 4552 interrogavi.
