3058 4960
691 509 870 579 „42-

247 734 502 804 educationem
522 735 676 804 omnino
692 735 916 804 recessisse?
936 737 1099 802 Reroces
1120 734 1159 802 in
1180 755 1325 802 memo-

249 878 342 946 riam
365 887 528 967 tempore
548 878 715 965 Gregorii
736 878 979 957 Turonensis,
1001 877 1231 958 Cassiodori,
1257 878 1325 946 lsi-

246 1022 326 1090 dori
340 1021 577 1110 Hispalensis
591 1021 630 1089 in
646 1022 768 1090 insula
785 1022 978 1090 Lerinensi
990 1021 1112 1090 studia
1130 1022 1323 1100 floruisse,

247 1173 281 1233 et
307 1164 353 1232 ad
381 1185 462 1231 eam
489 1185 712 1232 concursum
749 1165 913 1254 undique
941 1164 1079 1232 lactum
1111 1164 1230 1232 fuisse
1258 1167 1323 1252 (1).

248 1309 419 1386 Quonam
440 1315 546 1395 pacto
572 1306 752 1386 scholam,
780 1329 800 1373 a
828 1306 1036 1396 disciplinis
1066 1315 1153 1374 tunc
1184 1307 1223 1374 iu
1250 1329 1327 1376 usu

249 1452 387 1520 habitis
404 1451 641 1542 probatisque
656 1450 829 1529 alienam,
847 1450 1188 1539 frequentissimam
1211 1451 1327 1519 inter-

249 1595 433 1684 preteris?
453 1597 503 1663 Ea
524 1603 602 1662 erat
621 1603 714 1660 aetas
731 1615 802 1683 qua
824 1593 931 1661 miles
952 1593 1104 1682 quidam
1125 1615 1144 1661 e
1165 1593 1324 1683 Campa-

250 1740 325 1819 nia,
352 1739 450 1806 lama
476 1738 634 1808 fortasse
657 1737 833 1816 adscitus,
867 1737 906 1804 in
935 1737 1100 1832 insulam
1129 1759 1216 1806 cum
1247 1737 1327 1805 lilio

250 1903 319 1950 suo
339 1881 530 1950 educando
550 1880 661 1960 venit,
692 1906 708 1943 «
736 1880 799 1971 qui
823 1879 1028 1948 litterarum
1056 1881 1192 1950 studiis
1213 1881 1328 1950 tradi-

253 2052 269 2090 «
292 2035 352 2093 tus
358 2079 424 2093 .....
456 2024 494 2091 in
520 2045 633 2113 parvo
657 2023 776 2111 spatio
808 2022 923 2109 riguit
952 2023 1251 2093 luculentissime
1286 2025 1327 2093 in

252 2193 268 2230 «
291 2166 553 2245 Grammatico,
585 2134 793 2244 Rhetorica,
831 2164 1024 2233 Dialectica
1057 2193 1074 2229 u
1106 2169 1168 2255 (2).
1205 2167 1326 2236 Paulo

251 2317 333 2398 post
352 2309 397 2376 de
420 2308 547 2377 eodem
572 2307 706 2376 dicitur
727 2329 735 2374 :
760 2331 776 2369 «
797 2307 853 2375 Ad
869 2307 1019 2395 plenum
1036 2308 1250 2378 edocendus
1255 2363 1325 2378 .....

254 2477 270 2516 «
294 2451 587 2521 luculentissime
614 2450 730 2537 riguit
756 2450 795 2517 in
817 2451 1070 2536 grammaticae
1096 2452 1189 2520 artis
1214 2451 1328 2523 disci-

253 2621 270 2659 «
292 2594 405 2683 plinis
436 2593 730 2672 rationabilibus
766 2614 808 2660 ac
836 2593 1110 2662 dialecticorum
1143 2596 1327 2684 praedica-

253 2745 502 2806 «mentorum
538 2735 710 2816 exilibus,
746 2745 781 2803 et
817 2736 1061 2804 Aristotelicis
1098 2738 1328 2814 definitioni-

254 2907 270 2946 «
293 2882 376 2962 buS,
408 2901 552 2950 necnon
583 2880 851 2949 rhetoricorum
878 2880 1048 2949 facundis
1074 2882 1330 2969 protelationi-

254 3026 364 3095 «bus
392 3053 408 3090 »
434 3028 494 3114 (3).
534 3025 600 3094 Cui
622 3024 833 3093 testimonio
858 3024 889 3091 si
916 3024 1062 3092 credere
1082 3024 1139 3093 las
1164 3035 1234 3106 est,
1260 3049 1331 3097 nec

253 3168 346 3238 sotis
379 3175 523 3236 constat
556 3187 670 3257 quare
701 3165 792 3234 illud
827 3164 983 3254 rejicias
1015 3165 1093 3254 jam
1125 3166 1164 3232 in
1198 3177 1331 3256 operto

254 3323 322 3392 est,
343 3312 583 3380 Lerinensem
609 3311 646 3378 in
668 3309 864 3378 edocendis
885 3308 1183 3378 adolescentibus
1214 3311 1331 3380 ritum

254 3477 340 3526 cum
360 3455 540 3524 Marciani
563 3452 848 3542 Cassiodorique
875 3451 1069 3540 praeceptis
1088 3452 1221 3521 saltem
1247 3476 1333 3543 par-

255 3597 321 3665 tim
341 3616 556 3682 congruere.
579 3596 671 3663 Cum
692 3590 957 3680 grammaticae,
983 3589 1177 3661 rhetoricae
1197 3604 1233 3662 et
1252 3595 1333 3663 dia·

255 3739 393 3808 lecticae
408 3738 499 3806 artis
516 3737 708 3828 principia,
731 3734 785 3802 rel
807 3755 878 3801 usu
898 3732 1058 3813 utiliora,
1085 3736 1141 3804 vel
1162 3738 1208 3806 nd
1226 3761 1333 3809 men·

254 3892 326 3952 tem
345 3880 622 3950 informandam
639 3876 760 3962 magis
779 3894 891 3964 quam
907 3877 1005 3942 artes
1024 3875 1163 3963 quibus
1178 3881 1334 3968 quadri·

288 4131 325 4205 (l)
344 4133 491 4189 Chronol.
508 4127 616 4190 Leria,
636 4132 654 4180 t.
674 4124 710 4191 ll,
728 4143 756 4196 p.
776 4122 835 4178 135.

288 4233 326 4302 (2)
436 4227 512 4284 lbid.
635 4229 653 4277 t.
672 4222 708 4289 ll,
726 4240 754 4294 p.
772 4221 833 4276 130.

291 4333 327 4404 «at
435 4325 510 4380 tura.
637 4326 657 4374 t,
677 4321 712 4387 u,
730 4338 758 4392 p.
776 4319 837 4373 135.
