3058 4960
658 527 830 576 -1x—

206 755 284 806 non
307 733 388 806 erit.
416 733 490 805 Sed
518 735 550 806 si
583 734 664 806 haee
695 733 746 805 ita
774 755 814 805 se
845 732 997 822 hahent,
1028 732 1275 806 Lerinensern

206 877 496 966 institutionem,
530 899 572 948 ea
597 881 705 948 aetate
734 876 868 947 saltern
898 875 945 946 de
968 897 1044 968 qua
1070 897 1176 948 nune
1194 877 1275 970 agi-

147 1034 149 1038 ’
205 1026 278 1110 tur,
312 1021 478 1092 maxima
510 1021 731 1092 auctoritate
763 1019 944 1114 polluisse
975 1019 1135 1091 minime
1166 1017 1275 1092 dubi-

207 1162 367 1234 tandum
388 1169 454 1235 est.
479 1163 603 1247 Quam
623 1163 818 1256 inquirere
838 1162 958 1234 nostri
983 1161 1167 1256 propositi
1186 1184 1274 1256 pars
1298 1149 1305 1160 ⁸

205 1306 286 1377 erit.
308 1305 382 1377 Sed
402 1327 491 1377 curn
516 1329 559 1376 ea
578 1305 784 1377 auotoritas
811 1305 850 1376 in
879 1304 940 1376 his
969 1326 1054 1398 quae
1082 1310 1166 1376 turn
1189 1305 1274 1376 reli-

205 1449 357 1541 gionen]
391 1455 572 1544 spectant,
606 1455 689 1520 turn
719 1470 802 1519 reru
837 1448 999 1539 civilem,
1028 1454 1112 1519 turn
1140 1447 1274 1520 hurna-

206 1591 333 1663 niores
353 1592 497 1662 litteras
515 1590 760 1680 roborandas,
780 1597 963 1680 versatur,
985 1591 1113 1663 statim
1131 1613 1152 1662 a
1171 1591 1274 1685 prin-

204 1735 302 1829 cipio
330 1734 446 1829 hujus
475 1735 600 1828 operis
625 1735 806 1806 lectorem
825 1756 1063 1828 praemonere
1086 1733 1189 1806 haud
1209 1731 1274 1806 ab·

204 1877 367 1948 surdum
388 1877 469 1966 erit,
491 1877 619 1948 ornnia
638 1899 724 1970 quae
743 1899 763 1948 a
785 1899 825 1948 re
846 1876 1028 1948 litteraria
1054 1882 1091 1947 et
1114 1875 1161 1947 ab
1180 1898 1273 1947 aue-

204 2021 354 2091 toritate
374 2042 492 2113 quarn
514 2020 553 2091 in
574 2042 616 2091 ea
637 2019 854 2091 Lerinensis
875 2019 1004 2092 schola
1031 2019 1165 2114 adepta
1190 2019 1271 2110 luit,

203 2163 326 2235 aliena
345 2163 622 2254 existimantur,
643 2185 664 2235 a
685 2164 878 2258 proposito
898 2162 1115 2235 abhorrere.

255 2307 365 2392 Quod
395 2311 436 2378 ut
462 2329 655 2400 assequar,
689 2307 965 2400 inquirendum
997 2307 1069 2378 erit
1100 2308 1270 2401 primurn

203 2473 250 2522 an
275 2450 493 2522 Lerinensis
519 2449 644 2526 insula
669 2448 798 2521 schola
820 2449 868 2520 ad
892 2471 1032 2542 pueros
1051 2449 1272 2522 adolescen-

202 2599 336 2686 tesque
361 2592 592 2664 erudiendos
621 2592 660 2662 in
686 2592 822 2663 litteris
850 2592 1035 2664 instructa
1063 2591 1195 2683 suerit,
1223 2635 1272 2644 —-

203 2736 270 2829 qui
302 2736 378 2806 sint
408 2736 507 2806 inter
527 2735 754 2806 Lerinenses
778 2735 979 2828 magistros
1005 2734 1076 2806 viri
1104 2735 1271 2828 insignes

204 2879 270 2971 qui
291 2884 374 2948 turn
394 2877 607 2971 disciplinis
626 2877 716 2967 suis,
733 2883 817 2948 turn
838 2877 989 2972 seriptis
1008 2878 1102 2949 alios
1122 2878 1270 2949 erudie-

203 3021 299 3112 rint3
314 3063 363 3072 —
382 3042 479 3113 quos
498 3020 758 3092 adolescentes
774 3021 988 3115 praecipuos
1003 3026 1128 3114 etqua
1143 3027 1271 3093 rnente

203 3162 332 3235 schola
352 3163 569 3235 Lerinensis
589 3162 870 3254 informaverit,
891 3206 939 3215 —
956 3186 1031 3257 qua
1047 3164 1270 3236 auctoritate

202 3306 340 3377 seculis
368 3305 660 3398 merovingiaeis
689 3315 726 3377 et
752 3306 910 3399 quidem
937 3328 1032 3399 quas
1061 3305 1109 3378 oh
1137 3329 1270 3378 causas

203 3448 335 3520 eadern
360 3449 539 3542 viguerit,
567 3491 615 3500 —
644 3455 773 3543 postea
797 3449 843 3520 de
864 3449 1026 3522 Caesario
1048 3450 1268 3538 Arelatensi,

202 3590 420 3663 Lerinensis
439 3591 578 3664 scholae
603 3592 760 3664 alurnno
781 3593 984 3687 praecipuo,
1007 3593 1167 3686 ejusque
1184 3615 1271 3664 auo-

202 3734 362 3824 toritate,
399 3734 532 3822 fusius,
566 3741 681 3829 prout
710 3757 771 3806 res
805 3735 843 3806 id
880 3736 1072 3830 postulare
1107 3735 1268 3825 videtur,

202 3876 420 3948 dicendum.
449 3919 498 3928 —
526 3877 682 3967 Deinde,
717 3899 806 3949 euin
834 3877 1063 3971 inquisitum
1094 3879 1269 3971 eritque

201 4020 354 4092 vinculo
384 4019 581 4092 Lerinensi
609 4020 748 4092 scholae
777 4021 985 4114 religentur
1013 4019 1270 4093 celeberrimae

202 4163 461 4236 institutiones
498 4187 584 4258 quae
618 4165 897 4259 merovingiaoa
928 4170 1035 4236 aetate
1064 4165 1104 4236 in
1135 4164 1269 4258 Anglia

202 4306 375 4379 rnorihus
413 4307 554 4402 pariter
591 4314 628 4379 et
661 4308 809 4380 artibus
853 4307 1069 4399 claruerint,
1110 4306 1268 4402 quaestio
