<?xml version="1.0" encoding="UTF-8"?>
<!DOCTYPE html PUBLIC "-//W3C//DTD XHTML 1.0 Transitional//EN"
    "http://www.w3.org/TR/xhtml1/DTD/xhtml1-transitional.dtd">
<html xmlns="http://www.w3.org/1999/xhtml" xml:lang="en" lang="en">
 <head>
  <title>
</title>
<meta http-equiv="Content-Type" content="text/html;charset=utf-8" />
  <meta name='ocr-system' content='tesseract 3.04.00' />
  <meta name='ocr-capabilities' content='ocr_page ocr_carea ocr_par ocr_line ocrx_word'/>
</head>
<body>
  <div class='ocr_page' id='page_1' title='image "./descholalerinen00lahagoog_0116.png"; bbox 0 0 3072 4956; ppageno 0'>
   <div class='ocr_carea' id='block_1_1' title="bbox 656 495 833 563">
    <p class='ocr_par' dir='ltr' id='par_1_1' title="bbox 656 495 833 563">
     <span class='ocr_line' id='line_1_1' title="bbox 656 495 833 563; baseline 0.011 -19"><span class='ocrx_word' id='word_1_1' title='bbox 656 495 833 563; x_wconf 76' lang='grc'>..95-</span> 
     </span>
    </p>
   </div>
   <div class='ocr_carea' id='block_1_2' title="bbox 202 713 1278 1238">
    <p class='ocr_par' dir='ltr' id='par_1_2' title="bbox 202 713 1278 1238">
     <span class='ocr_line' id='line_1_2' title="bbox 204 713 1278 810; baseline 0.009 -31"><span class='ocrx_word' id='word_1_2' title='bbox 204 713 440 786; x_wconf 85' lang='lat' dir='ltr'>«Librorum</span> <span class='ocrx_word' id='word_1_3' title='bbox 479 716 589 786; x_wconf 84' lang='lat' dir='ltr'>etiam</span> <span class='ocrx_word' id='word_1_4' title='bbox 624 718 775 810; x_wconf 87' lang='lat' dir='ltr'>scriptio</span> <span class='ocrx_word' id='word_1_5' title='bbox 814 719 1007 790; x_wconf 84' lang='lat' dir='ltr'>nonnullis</span> <span class='ocrx_word' id='word_1_6' title='bbox 1044 731 1110 810; x_wconf 87' lang='lat' dir='ltr'>pro</span> <span class='ocrx_word' id='word_1_7' title='bbox 1152 718 1278 790; x_wconf 88' lang='lat' dir='ltr'>labore</span> 
     </span>
     <span class='ocr_line' id='line_1_3' title="bbox 204 864 1278 957; baseline 0.009 -33"><span class='ocrx_word' id='word_1_8' title='bbox 204 886 220 924; x_wconf 75' lang='lat' dir='ltr'>r</span> <span class='ocrx_word' id='word_1_9' title='bbox 243 870 320 930; x_wconf 88' lang='lat' dir='ltr'>erat</span> <span class='ocrx_word' id='word_1_10' title='bbox 342 888 358 926; x_wconf 90' lang='lat'>»</span> <span class='ocrx_word' id='word_1_11' title='bbox 381 864 442 951; x_wconf 82' lang='lat'>(1).</span> <span class='ocrx_word' id='word_1_12' title='bbox 470 864 659 944; x_wconf 85' lang='lat' dir='ltr'>Quantum</span> <span class='ocrx_word' id='word_1_13' title='bbox 684 865 723 933; x_wconf 95' lang='lat' dir='ltr'>in</span> <span class='ocrx_word' id='word_1_14' title='bbox 744 886 787 934; x_wconf 88' lang='lat' dir='ltr'>eo</span> <span class='ocrx_word' id='word_1_15' title='bbox 808 866 853 936; x_wconf 86' lang='lat' dir='ltr'>de</span> <span class='ocrx_word' id='word_1_16' title='bbox 874 866 921 935; x_wconf 89' lang='lat' dir='ltr'>iis</span> <span class='ocrx_word' id='word_1_17' title='bbox 942 865 1118 935; x_wconf 88' lang='lat' dir='ltr'>omnibus</span> <span class='ocrx_word' id='word_1_18' title='bbox 1138 865 1201 957; x_wconf 90' lang='lat' dir='ltr'>qui</span> <span class='ocrx_word' id='word_1_19' title='bbox 1223 864 1278 935; x_wconf 88' lang='lat' dir='ltr'>lit-</span> 
     </span>
     <span class='ocr_line' id='line_1_4' title="bbox 204 1007 1275 1102; baseline 0.005 -27"><span class='ocrx_word' id='word_1_20' title='bbox 204 1007 293 1076; x_wconf 90' lang='lat' dir='ltr'>teris</span> <span class='ocrx_word' id='word_1_21' title='bbox 313 1008 464 1077; x_wconf 89' lang='lat' dir='ltr'>student</span> <span class='ocrx_word' id='word_1_22' title='bbox 493 1008 734 1101; x_wconf 85' lang='lat' dir='ltr'>meritaesint</span> <span class='ocrx_word' id='word_1_23' title='bbox 753 1007 872 1080; x_wconf 87' lang='lat' dir='ltr'>sacrae</span> <span class='ocrx_word' id='word_1_24' title='bbox 893 1009 1055 1099; x_wconf 84' lang='lat' dir='ltr'>virgines</span> <span class='ocrx_word' id='word_1_25' title='bbox 1074 1010 1275 1102; x_wconf 77' lang='lat' dir='ltr'>inquirere,</span> 
     </span>
     <span class='ocr_line' id='line_1_5' title="bbox 202 1150 510 1238; baseline 0.003 -19"><span class='ocrx_word' id='word_1_26' title='bbox 202 1150 359 1238; x_wconf 82' lang='lat' dir='ltr'>longum</span> <span class='ocrx_word' id='word_1_27' title='bbox 379 1159 488 1220; x_wconf 87' lang='lat' dir='ltr'>esset.</span> <span class='ocrx_word' id='word_1_28' title='bbox 508 1199 510 1206; x_wconf 70' lang='lat'>,</span> 
     </span>
    </p>
   </div>
   <div class='ocr_carea' id='block_1_3' title="bbox 203 1294 1360 1531">
    <p class='ocr_par' dir='ltr' id='par_1_3' title="bbox 203 1294 1360 1531">
     <span class='ocr_line' id='line_1_6' title="bbox 221 1294 1360 1384; baseline 0.004 -22"><span class='ocrx_word' id='word_1_29' title='bbox 221 1303 223 1310; x_wconf 59' lang='lat'><strong><em>⁴</em></strong></span> <span class='ocrx_word' id='word_1_30' title='bbox 246 1295 317 1364; x_wconf 92' lang='lat' dir='ltr'>Per</span> <span class='ocrx_word' id='word_1_31' title='bbox 337 1294 545 1364; x_wconf 84' lang='lat' dir='ltr'>Caesarium</span> <span class='ocrx_word' id='word_1_32' title='bbox 572 1295 686 1384; x_wconf 78' lang='lat' dir='ltr'>igitur</span> <span class='ocrx_word' id='word_1_33' title='bbox 711 1296 952 1366; x_wconf 88' lang='lat' dir='ltr'>Lerinensem</span> <span class='ocrx_word' id='word_1_34' title='bbox 985 1297 1153 1367; x_wconf 89' lang='lat' dir='ltr'>scholam</span> <span class='ocrx_word' id='word_1_35' title='bbox 1185 1297 1278 1368; x_wconf 92' lang='lat' dir='ltr'>mul·</span> <span class='ocrx_word' id='word_1_36' title='bbox 1358 1299 1360 1306; x_wconf 82' lang='grc'><em>’</em></span> 
     </span>
     <span class='ocr_line' id='line_1_7' title="bbox 203 1437 1281 1531; baseline 0.004 -25"><span class='ocrx_word' id='word_1_37' title='bbox 203 1446 281 1506; x_wconf 93' lang='lat' dir='ltr'>tum</span> <span class='ocrx_word' id='word_1_38' title='bbox 302 1438 468 1528; x_wconf 91' lang='lat' dir='ltr'>potuisse</span> <span class='ocrx_word' id='word_1_39' title='bbox 493 1438 539 1508; x_wconf 89' lang='lat' dir='ltr'>ad</span> <span class='ocrx_word' id='word_1_40' title='bbox 559 1437 746 1526; x_wconf 82' lang='lat' dir='ltr'>virginum</span> <span class='ocrx_word' id='word_1_41' title='bbox 771 1439 1023 1510; x_wconf 81' lang='lat' dir='ltr'>institutiones</span> <span class='ocrx_word' id='word_1_42' title='bbox 1049 1439 1281 1531; x_wconf 85' lang='lat' dir='ltr'>amplifican&#39;</span> 
     </span>
    </p>
   </div>
   <div class='ocr_carea' id='block_1_4' title="bbox 171 1579 1330 3146">
    <p class='ocr_par' dir='ltr' id='par_1_4' title="bbox 171 1579 1330 3146">
     <span class='ocr_line' id='line_1_8' title="bbox 200 1579 1274 1664; baseline 0.005 -16"><span class='ocrx_word' id='word_1_43' title='bbox 200 1579 282 1660; x_wconf 71' lang='lat' dir='ltr'>daS,</span> <span class='ocrx_word' id='word_1_44' title='bbox 309 1590 344 1650; x_wconf 89' lang='lat' dir='ltr'>et</span> <span class='ocrx_word' id='word_1_45' title='bbox 373 1580 411 1650; x_wconf 91' lang='lat' dir='ltr'>in</span> <span class='ocrx_word' id='word_1_46' title='bbox 438 1581 491 1651; x_wconf 87' lang='lat' dir='ltr'>eis</span> <span class='ocrx_word' id='word_1_47' title='bbox 521 1582 726 1651; x_wconf 88' lang='lat' dir='ltr'>litterarum</span> <span class='ocrx_word' id='word_1_48' title='bbox 750 1582 916 1653; x_wconf 91' lang='lat' dir='ltr'>studium</span> <span class='ocrx_word' id='word_1_49' title='bbox 935 1581 1274 1664; x_wconf 87' lang='lat' dir='ltr'>disseminandum,</span> 
     </span>
     <span class='ocr_line' id='line_1_9' title="bbox 202 1715 1276 1788; baseline 0.004 -6"><span class='ocrx_word' id='word_1_50' title='bbox 202 1725 325 1785; x_wconf 89' lang='lat' dir='ltr'>ratum</span> <span class='ocrx_word' id='word_1_51' title='bbox 359 1715 554 1786; x_wconf 77' lang='lat' dir='ltr'>habemus,</span> <span class='ocrx_word' id='word_1_52' title='bbox 595 1718 711 1785; x_wconf 91' lang='lat' dir='ltr'>Porro</span> <span class='ocrx_word' id='word_1_53' title='bbox 746 1737 822 1786; x_wconf 90' lang='lat' dir='ltr'>non</span> <span class='ocrx_word' id='word_1_54' title='bbox 860 1716 1057 1788; x_wconf 89' lang='lat' dir='ltr'>mediocris</span> <span class='ocrx_word' id='word_1_55' title='bbox 1097 1717 1276 1788; x_wconf 78' lang='lat' dir='ltr'>momenti</span> 
     </span>
     <span class='ocr_line' id='line_1_10' title="bbox 171 1849 1278 1946; baseline 0 -28"><span class='ocrx_word' id='word_1_56' title='bbox 171 1887 172 1890; x_wconf 17' lang='grc' dir='ltr'>π</span> <span class='ocrx_word' id='word_1_57' title='bbox 204 1858 261 1918; x_wconf 89' lang='lat' dir='ltr'>est</span> <span class='ocrx_word' id='word_1_58' title='bbox 279 1849 491 1940; x_wconf 76' lang='lat' dir='ltr'>perquirere</span> <span class='ocrx_word' id='word_1_59' title='bbox 510 1849 647 1941; x_wconf 92' lang='lat' dir='ltr'>quibus</span> <span class='ocrx_word' id='word_1_60' title='bbox 668 1849 798 1920; x_wconf 89' lang='lat' dir='ltr'>litteris</span> <span class='ocrx_word' id='word_1_61' title='bbox 819 1851 857 1918; x_wconf 93' lang='lat' dir='ltr'>in</span> <span class='ocrx_word' id='word_1_62' title='bbox 881 1849 1177 1946; x_wconf 80' lang='lat' dir='ltr'>parthenonibus</span> <span class='ocrx_word' id='word_1_63' title='bbox 1197 1849 1278 1919; x_wconf 90' lang='lat' dir='ltr'>ani-</span> 
     </span>
     <span class='ocr_line' id='line_1_11' title="bbox 204 1977 1276 2073; baseline 0.002 -21"><span class='ocrx_word' id='word_1_64' title='bbox 204 2004 309 2052; x_wconf 94' lang='lat' dir='ltr'>mum</span> <span class='ocrx_word' id='word_1_65' title='bbox 363 1983 602 2073; x_wconf 80' lang='lat' dir='ltr'>applicarent.</span> <span class='ocrx_word' id='word_1_66' title='bbox 651 1985 732 2053; x_wconf 88' lang='lat' dir='ltr'>lam</span> <span class='ocrx_word' id='word_1_67' title='bbox 785 1977 958 2053; x_wconf 89' lang='lat' dir='ltr'>novimus</span> <span class='ocrx_word' id='word_1_68' title='bbox 1009 1982 1276 2071; x_wconf 82' lang='lat' dir='ltr'>Radegundem</span> 
     </span>
     <span class='ocr_line' id='line_1_12' title="bbox 203 2117 1277 2208; baseline 0.001 -22"><span class='ocrx_word' id='word_1_69' title='bbox 203 2117 420 2187; x_wconf 87' lang='lat' dir='ltr'>christianis</span> <span class='ocrx_word' id='word_1_70' title='bbox 441 2117 558 2208; x_wconf 90' lang='lat' dir='ltr'>poetis</span> <span class='ocrx_word' id='word_1_71' title='bbox 585 2127 619 2187; x_wconf 91' lang='lat' dir='ltr'>et</span> <span class='ocrx_word' id='word_1_72' title='bbox 646 2117 834 2188; x_wconf 82' lang='lat' dir='ltr'>historicis</span> <span class='ocrx_word' id='word_1_73' title='bbox 854 2117 1108 2208; x_wconf 80' lang='lat' dir='ltr'>scriptoribus</span> <span class='ocrx_word' id='word_1_74' title='bbox 1127 2138 1277 2207; x_wconf 89' lang='lat' dir='ltr'>operam</span> 
     </span>
     <span class='ocr_line' id='line_1_13' title="bbox 203 2251 1277 2323; baseline -0.002 0"><span class='ocrx_word' id='word_1_75' title='bbox 203 2253 351 2323; x_wconf 87' lang='lat' dir='ltr'>dedisse</span> <span class='ocrx_word' id='word_1_76' title='bbox 389 2275 397 2320; x_wconf 94' lang='lat'>:</span> <span class='ocrx_word' id='word_1_77' title='bbox 431 2252 476 2322; x_wconf 89' lang='lat' dir='ltr'>de</span> <span class='ocrx_word' id='word_1_78' title='bbox 509 2252 619 2322; x_wconf 88' lang='lat' dir='ltr'>Lieba</span> <span class='ocrx_word' id='word_1_79' title='bbox 654 2253 750 2323; x_wconf 91' lang='lat' dir='ltr'>idem</span> <span class='ocrx_word' id='word_1_80' title='bbox 781 2253 855 2322; x_wconf 86' lang='lat' dir='ltr'>fere</span> <span class='ocrx_word' id='word_1_81' title='bbox 888 2252 1045 2322; x_wconf 88' lang='lat' dir='ltr'>traditur</span> <span class='ocrx_word' id='word_1_82' title='bbox 1080 2275 1087 2320; x_wconf 92' lang='lat'>:</span> <span class='ocrx_word' id='word_1_83' title='bbox 1129 2278 1146 2316; x_wconf 78' lang='lat' dir='ltr'>a</span> <span class='ocrx_word' id='word_1_84' title='bbox 1180 2251 1277 2321; x_wconf 91' lang='lat' dir='ltr'>dicta</span> 
     </span>
     <span class='ocr_line' id='line_1_14' title="bbox 205 2385 1277 2477; baseline 0.003 -26"><span class='ocrx_word' id='word_1_85' title='bbox 205 2413 222 2451; x_wconf 84' lang='lat'>«</span> <span class='ocrx_word' id='word_1_86' title='bbox 245 2395 462 2456; x_wconf 85' lang='lat' dir='ltr'>sanctorum</span> <span class='ocrx_word' id='word_1_87' title='bbox 483 2395 630 2477; x_wconf 90' lang='lat' dir='ltr'>patrum</span> <span class='ocrx_word' id='word_1_88' title='bbox 656 2395 691 2456; x_wconf 89' lang='lat' dir='ltr'>ct</span> <span class='ocrx_word' id='word_1_89' title='bbox 717 2387 860 2457; x_wconf 86' lang='lat' dir='ltr'>decreta</span> <span class='ocrx_word' id='word_1_90' title='bbox 881 2407 1069 2455; x_wconf 89' lang='lat' dir='ltr'>canonum</span> <span class='ocrx_word' id='word_1_91' title='bbox 1091 2385 1277 2476; x_wconf 89' lang='lat' dir='ltr'>totiusque</span> 
     </span>
     <span class='ocr_line' id='line_1_15' title="bbox 210 2499 1280 2611; baseline 0.004 -27"><span class='ocrx_word' id='word_1_92' title='bbox 210 2548 227 2585; x_wconf 92' lang='lat'>«</span> <span class='ocrx_word' id='word_1_93' title='bbox 251 2519 490 2590; x_wconf 86' lang='lat' dir='ltr'>ecclesiastici</span> <span class='ocrx_word' id='word_1_94' title='bbox 517 2520 660 2590; x_wconf 90' lang='lat' dir='ltr'>ordinis</span> <span class='ocrx_word' id='word_1_95' title='bbox 682 2521 767 2611; x_wconf 88' lang='lat' dir='ltr'>jura</span> <span class='ocrx_word' id='word_1_96' title='bbox 800 2499 1020 2610; x_wconf 89' lang='lat' dir='ltr'>plenitudini</span> <span class='ocrx_word' id='word_1_97' title='bbox 1045 2519 1280 2610; x_wconf 84' lang='lat' dir='ltr'>perfectionis</span> 
     </span>
     <span class='ocr_line' id='line_1_16' title="bbox 207 2649 1330 2754; baseline 0.003 -35"><span class='ocrx_word' id='word_1_98' title='bbox 207 2655 416 2746; x_wconf 85' lang='lat' dir='ltr'>«adjecit»</span> <span class='ocrx_word' id='word_1_99' title='bbox 444 2657 504 2743; x_wconf 81' lang='lat'>(2).</span> <span class='ocrx_word' id='word_1_100' title='bbox 536 2649 678 2722; x_wconf 80' lang='lat' dir='ltr'>Forsan</span> <span class='ocrx_word' id='word_1_101' title='bbox 694 2654 871 2746; x_wconf 82' lang='lat' dir='ltr'>quaedam</span> <span class='ocrx_word' id='word_1_102' title='bbox 896 2655 1138 2754; x_wconf 86' lang='lat' dir='ltr'>profanorum</span> <span class='ocrx_word' id='word_1_103' title='bbox 1160 2654 1274 2745; x_wconf 86' lang='lat' dir='ltr'>scrip·</span> <span class='ocrx_word' id='word_1_104' title='bbox 1327 2653 1330 2656; x_wconf 78' lang='grc'>’</span> 
     </span>
     <span class='ocr_line' id='line_1_17' title="bbox 207 2787 1276 2888; baseline -0.003 -29"><span class='ocrx_word' id='word_1_105' title='bbox 207 2799 330 2859; x_wconf 92' lang='lat' dir='ltr'>torum</span> <span class='ocrx_word' id='word_1_106' title='bbox 349 2789 482 2888; x_wconf 88' lang='lat' dir='ltr'>Libros</span> <span class='ocrx_word' id='word_1_107' title='bbox 498 2797 561 2857; x_wconf 90' lang='lat' dir='ltr'>aut</span> <span class='ocrx_word' id='word_1_108' title='bbox 581 2789 762 2875; x_wconf 85' lang='lat' dir='ltr'>legebant,</span> <span class='ocrx_word' id='word_1_109' title='bbox 780 2797 844 2857; x_wconf 89' lang='lat' dir='ltr'>aut</span> <span class='ocrx_word' id='word_1_110' title='bbox 859 2787 1070 2888; x_wconf 73' lang='lat' dir='ltr'>scribebant</span> <span class='ocrx_word' id='word_1_111' title='bbox 1087 2810 1094 2856; x_wconf 91' lang='lat'>:</span> <span class='ocrx_word' id='word_1_112' title='bbox 1112 2796 1276 2857; x_wconf 84' lang='lat' dir='ltr'>attamen</span> 
     </span>
     <span class='ocr_line' id='line_1_18' title="bbox 204 2893 1271 3013; baseline -0.002 -22"><span class='ocrx_word' id='word_1_113' title='bbox 204 2943 250 2991; x_wconf 83' lang='lat' dir='ltr'>ex</span> <span class='ocrx_word' id='word_1_114' title='bbox 270 2921 424 2992; x_wconf 86' lang='lat' dir='ltr'>Caesarii</span> <span class='ocrx_word' id='word_1_115' title='bbox 440 2921 592 2990; x_wconf 89' lang='lat' dir='ltr'>monitis</span> <span class='ocrx_word' id='word_1_116' title='bbox 613 2920 834 3013; x_wconf 88' lang='lat' dir='ltr'>hortatuque</span> <span class='ocrx_word' id='word_1_117' title='bbox 851 2921 897 2991; x_wconf 91' lang='lat' dir='ltr'>ad</span> <span class='ocrx_word' id='word_1_118' title='bbox 917 2919 953 2990; x_wconf 92' lang='lat' dir='ltr'>id</span> <span class='ocrx_word' id='word_1_119' title='bbox 974 2893 1271 3011; x_wconf 86' lang='lat' dir='ltr'>impellebantur,</span> 
     </span>
     <span class='ocr_line' id='line_1_19' title="bbox 205 3026 1277 3146; baseline -0.004 -20"><span class='ocrx_word' id='word_1_120' title='bbox 205 3065 246 3126; x_wconf 92' lang='lat' dir='ltr'>ut</span> <span class='ocrx_word' id='word_1_121' title='bbox 264 3055 418 3126; x_wconf 88' lang='lat' dir='ltr'>omissis</span> <span class='ocrx_word' id='word_1_122' title='bbox 439 3055 606 3146; x_wconf 86' lang='lat' dir='ltr'>profanis</span> <span class='ocrx_word' id='word_1_123' title='bbox 627 3026 885 3145; x_wconf 69' lang='lat' dir='ltr'>scriptoribus</span> <span class='ocrx_word' id='word_1_124' title='bbox 909 3081 925 3120; x_wconf 89' lang='lat'>«</span> <span class='ocrx_word' id='word_1_125' title='bbox 948 3027 1094 3124; x_wconf 85' lang='lat' dir='ltr'>lectioni</span> <span class='ocrx_word' id='word_1_126' title='bbox 1111 3027 1146 3124; x_wconf 84' lang='lat' dir='ltr'>et</span> <span class='ocrx_word' id='word_1_127' title='bbox 1165 3027 1277 3124; x_wconf 91' lang='lat' dir='ltr'>medi·</span> 
     </span>
    </p>
   </div>
   <div class='ocr_carea' id='block_1_5' title="bbox 207 3169 1278 3280">
    <p class='ocr_par' dir='ltr' id='par_1_5' title="bbox 207 3169 1278 3280">
     <span class='ocr_line' id='line_1_20' title="bbox 207 3169 1278 3280; baseline 0.004 -25"><span class='ocrx_word' id='word_1_128' title='bbox 207 3218 223 3256; x_wconf 88' lang='lat'>«</span> <span class='ocrx_word' id='word_1_129' title='bbox 241 3169 376 3261; x_wconf 73' lang='lat' dir='ltr'>‘lationi</span> <span class='ocrx_word' id='word_1_130' title='bbox 401 3188 612 3259; x_wconf 91' lang='lat' dir='ltr'>divinarum</span> <span class='ocrx_word' id='word_1_131' title='bbox 629 3169 906 3280; x_wconf 87' lang='lat' dir='ltr'>Scripturarum</span> <span class='ocrx_word' id='word_1_132' title='bbox 929 3215 945 3254; x_wconf 91' lang='grc'><em>»</em></span> <span class='ocrx_word' id='word_1_133' title='bbox 972 3198 1133 3259; x_wconf 90' lang='lat' dir='ltr'>mentem</span> <span class='ocrx_word' id='word_1_134' title='bbox 1160 3189 1278 3259; x_wconf 88' lang='lat' dir='ltr'>inten-</span> 
     </span>
    </p>
   </div>
   <div class='ocr_carea' id='block_1_6' title="bbox 204 3318 1280 4092">
    <p class='ocr_par' dir='ltr' id='par_1_6' title="bbox 204 3318 356 3397">
     <span class='ocr_line' id='line_1_21' title="bbox 204 3318 356 3397; baseline -0.02 -1"><span class='ocrx_word' id='word_1_135' title='bbox 204 3318 356 3397; x_wconf 61' lang='lat' dir='ltr'>dorent.v</span> 
     </span>
    </p>

    <p class='ocr_par' dir='ltr' id='par_1_7' title="bbox 207 3459 1280 4092">
     <span class='ocr_line' id='line_1_22' title="bbox 252 3459 1277 3565; baseline -0.004 -33"><span class='ocrx_word' id='word_1_136' title='bbox 252 3466 325 3532; x_wconf 88' lang='lat' dir='ltr'>Res</span> <span class='ocrx_word' id='word_1_137' title='bbox 346 3461 446 3531; x_wconf 90' lang='lat' dir='ltr'>enim</span> <span class='ocrx_word' id='word_1_138' title='bbox 464 3459 635 3542; x_wconf 86' lang='lat' dir='ltr'>occurrit,</span> <span class='ocrx_word' id='word_1_139' title='bbox 659 3483 734 3530; x_wconf 91' lang='lat' dir='ltr'>non</span> <span class='ocrx_word' id='word_1_140' title='bbox 755 3461 800 3530; x_wconf 74' lang='lat' dir='ltr'>ex</span> <span class='ocrx_word' id='word_1_141' title='bbox 820 3461 974 3565; x_wconf 82' lang='lat' dir='ltr'>eisquae</span> <span class='ocrx_word' id='word_1_142' title='bbox 994 3459 1121 3530; x_wconf 91' lang='lat' dir='ltr'>minus</span> <span class='ocrx_word' id='word_1_143' title='bbox 1139 3459 1277 3529; x_wconf 86' lang='lat' dir='ltr'>¹sollici-</span> 
     </span>
     <span class='ocr_line' id='line_1_23' title="bbox 207 3593 1278 3685; baseline -0.004 -19"><span class='ocrx_word' id='word_1_144' title='bbox 207 3606 287 3666; x_wconf 83' lang='lat' dir='ltr'>tant</span> <span class='ocrx_word' id='word_1_145' title='bbox 303 3595 493 3666; x_wconf 91' lang='lat' dir='ltr'>hominem</span> <span class='ocrx_word' id='word_1_146' title='bbox 515 3595 579 3664; x_wconf 75' lang='lat' dir='ltr'>aevi</span> <span class='ocrx_word' id='word_1_147' title='bbox 590 3594 772 3685; x_wconf 65' lang='lat' dir='ltr'>&#39;paracteriti</span> <span class='ocrx_word' id='word_1_148' title='bbox 788 3596 892 3665; x_wconf 86' lang='lat' dir='ltr'>¹valde</span> <span class='ocrx_word' id='word_1_149' title='bbox 908 3594 1111 3664; x_wconf 79' lang='lat' dir='ltr'>curiusum.</span> <span class='ocrx_word' id='word_1_150' title='bbox 1123 3593 1278 3663; x_wconf 85' lang='lat' dir='ltr'>Caesarii</span> 
     </span>
     <span class='ocr_line' id='line_1_24' title="bbox 207 3731 1280 3824; baseline -0.004 -21"><span class='ocrx_word' id='word_1_151' title='bbox 207 3743 372 3824; x_wconf 88' lang='lat' dir='ltr'>tempore</span> <span class='ocrx_word' id='word_1_152' title='bbox 395 3755 414 3801; x_wconf 94' lang='lat' dir='ltr'>a</span> <span class='ocrx_word' id='word_1_153' title='bbox 436 3753 584 3801; x_wconf 91' lang='lat' dir='ltr'>summo</span> <span class='ocrx_word' id='word_1_154' title='bbox 608 3731 767 3819; x_wconf 84' lang='lat' dir='ltr'>fastigio·</span> <span class='ocrx_word' id='word_1_155' title='bbox 772 3731 994 3822; x_wconf 87' lang='lat' dir='ltr'>jamdudum</span> <span class='ocrx_word' id='word_1_156' title='bbox 1016 3731 1165 3821; x_wconf 86' lang='lat' dir='ltr'>delapsa</span> <span class='ocrx_word' id='word_1_157' title='bbox 1187 3731 1280 3800; x_wconf 86' lang='lat' dir='ltr'>anti-</span> 
     </span>
     <span class='ocr_line' id='line_1_25' title="bbox 207 3865 1279 3966; baseline -0.002 -30"><span class='ocrx_word' id='word_1_158' title='bbox 207 3889 369 3960; x_wconf 91' lang='lat' dir='ltr'>quorum</span> <span class='ocrx_word' id='word_1_159' title='bbox 390 3867 591 3966; x_wconf 83' lang='lat' dir='ltr'>auctoritas</span> <span class='ocrx_word' id='word_1_160' title='bbox 617 3866 655 3935; x_wconf 93' lang='lat' dir='ltr'>in</span> <span class='ocrx_word' id='word_1_161' title='bbox 678 3866 757 3936; x_wconf 90' lang='lat' dir='ltr'>dics</span> <span class='ocrx_word' id='word_1_162' title='bbox 777 3866 898 3954; x_wconf 83' lang='lat' dir='ltr'>magis</span> <span class='ocrx_word' id='word_1_163' title='bbox 921 3865 1168 3947; x_wconf 91' lang='lat' dir='ltr'>imminuitur,</span> <span class='ocrx_word' id='word_1_164' title='bbox 1196 3866 1279 3935; x_wconf 91' lang='lat' dir='ltr'>doc·</span> 
     </span>
     <span class='ocr_line' id='line_1_26' title="bbox 207 3998 1280 4092; baseline -0.002 -22"><span class='ocrx_word' id='word_1_165' title='bbox 207 4011 381 4092; x_wconf 82' lang='lat' dir='ltr'>torosque</span> <span class='ocrx_word' id='word_1_166' title='bbox 410 3998 604 4070; x_wconf 89' lang='lat' dir='ltr'>christiani</span> <span class='ocrx_word' id='word_1_167' title='bbox 632 3999 729 4069; x_wconf 90' lang='lat' dir='ltr'>inter</span> <span class='ocrx_word' id='word_1_168' title='bbox 760 3999 993 4070; x_wconf 88' lang='lat' dir='ltr'>criminunda</span> <span class='ocrx_word' id='word_1_169' title='bbox 1023 4021 1104 4070; x_wconf 90' lang='lat' dir='ltr'>eam</span> <span class='ocrx_word' id='word_1_170' title='bbox 1130 3998 1280 4090; x_wconf 87' lang='lat' dir='ltr'>rejicere</span> 
     </span>
    </p>
   </div>
   <div class='ocr_carea' id='block_1_7' title="bbox 244 4221 1121 4396">
    <p class='ocr_par' dir='ltr' id='par_1_8' title="bbox 244 4221 1121 4396">
     <span class='ocr_line' id='line_1_27' title="bbox 245 4221 1121 4296; baseline -0.005 -16"><span class='ocrx_word' id='word_1_171' title='bbox 245 4225 279 4294; x_wconf 82' lang='lat' dir='ltr'>(lt</span> <span class='ocrx_word' id='word_1_172' title='bbox 295 4226 438 4280; x_wconf 74' lang='lat' dir='ltr'>Annales</span> <span class='ocrx_word' id='word_1_173' title='bbox 452 4227 521 4281; x_wconf 83' lang='lat' dir='ltr'>ord.</span> <span class='ocrx_word' id='word_1_174' title='bbox 537 4223 641 4280; x_wconf 77' lang='lat' dir='ltr'>sancti</span> <span class='ocrx_word' id='word_1_175' title='bbox 657 4224 829 4292; x_wconf 82' lang='lat' dir='ltr'>Benedicti,</span> <span class='ocrx_word' id='word_1_176' title='bbox 847 4224 908 4291; x_wconf 84' lang='lat' dir='ltr'>tl,</span> <span class='ocrx_word' id='word_1_177' title='bbox 926 4223 977 4292; x_wconf 84' lang='lat' dir='ltr'>lib.</span> <span class='ocrx_word' id='word_1_178' title='bbox 994 4223 1016 4290; x_wconf 90' lang='lat' dir='ltr'>l,</span> <span class='ocrx_word' id='word_1_179' title='bbox 1031 4242 1060 4296; x_wconf 87' lang='lat' dir='ltr'>p.</span> <span class='ocrx_word' id='word_1_180' title='bbox 1077 4221 1121 4290; x_wconf 82' lang='grc' dir='ltr'>19ΙΙ</span> 
     </span>
     <span class='ocr_line' id='line_1_28' title="bbox 244 4320 1022 4396; baseline 0.004 -19"><span class='ocrx_word' id='word_1_181' title='bbox 244 4322 610 4396; x_wconf 63' lang='lat' dir='ltr'>&lt;2JMat1110nPraefat</span> <span class='ocrx_word' id='word_1_182' title='bbox 628 4322 658 4378; x_wconf 91' lang='lat' dir='ltr'>in</span> <span class='ocrx_word' id='word_1_183' title='bbox 676 4322 827 4379; x_wconf 84' lang='lat' dir='ltr'>saeculum</span> <span class='ocrx_word' id='word_1_184' title='bbox 843 4320 895 4390; x_wconf 86' lang='grc' dir='ltr'><strong>ΙΙΙ,</strong></span> <span class='ocrx_word' id='word_1_185' title='bbox 912 4341 942 4395; x_wconf 87' lang='lat' dir='ltr'>p.</span> <span class='ocrx_word' id='word_1_186' title='bbox 959 4320 1022 4381; x_wconf 82' lang='lat'><strong>102.</strong></span> 
     </span>
    </p>
   </div>
   <div class='ocr_carea' id='block_1_8' title="bbox 0 0 1555 4956">
    <p class='ocr_par' dir='ltr' id='par_1_9' title="bbox 0 0 1555 4956">
     <span class='ocr_line' id='line_1_29' title="bbox 0 0 1555 4956; baseline 0 0"><span class='ocrx_word' id='word_1_187' title='bbox 0 0 1555 4956; x_wconf 95' lang='lat' dir='ltr'> </span> 
     </span>
    </p>
   </div>
  </div>
 </body>
</html>
