3072 4956
583 933 793 1023 CAPUT
830 931 1074 1022 SEXTUM

386 1459 476 1524 QUID
502 1459 644 1516 anatra
671 1455 876 1510 LERtNENsl
904 1456 1061 1510 SCHOLAE
1089 1455 1283 1510 DEBUERIT

345 1734 437 1802 Cum
456 1732 501 1802 de
520 1729 695 1811 Caesario,
714 1728 853 1799 scholae
872 1728 1089 1798 Lerinensis
1108 1728 1265 1798 alumno
1281 1750 1372 1819 prae-

301 1877 421 1967 cipue,
450 1885 573 1946 actum
600 1884 667 1954 est,
703 1883 744 1942 ut
769 1873 983 1963 absolvatur
1013 1895 1109 1963 opus
1138 1883 1371 1964 susceptum,

301 2021 386 2111 quia
414 2020 460 2089 ad
485 2018 700 2088 insulanam
728 2017 983 2086 auctoritatem
1004 2017 1132 2086 Galliae
1157 2018 1253 2087 fines
1274 2039 1374 2087 exce·

302 2163 447 2232 dentem
475 2160 807 2231 demonstrandam
835 2159 893 2228 vix
922 2159 1069 2229 adducti
1095 2183 1243 2242 sumuS,
1266 2183 1374 2253 supe-

303 2313 450 2400 restat,
477 2324 558 2373 eam
580 2311 684 2372 trans
704 2323 819 2381 mare,
850 2323 969 2392 usquc
997 2301 1035 2371 in
1062 2303 1240 2391 Angliam
1267 2304 1374 2374 ditru-

303 2469 384 2516 sam
405 2446 533 2527 fuisse,
554 2455 808 2516 monstremus
828 2453 863 2515 et
877 2445 1058 2536 quasdam
1074 2447 1374 2537 opportunitates

301 2590 477 2677 Angliam
498 2589 594 2660 inter
612 2589 859 2679 Lerinamque
875 2587 1039 2658 insulam
1054 2589 1256 2659 exstitisse.
1275 2591 1374 2660 Citra

302 2733 458 2804 dubium
492 2754 551 2802 res
584 2740 639 2802 est
669 2731 799 2822 quinto
832 2731 957 2802 seculo
990 2732 1139 2802 Patricii
1172 2733 1376 2826 Faustique

304 2876 532 2948 auctoritate.

348 3021 478 3088 Exstat
498 3016 623 3120 etiarn,
653 3017 819 3106 proximo
844 3018 968 3088 seculo
995 3027 1090 3109 post,
1120 3019 1302 3090 intereas
1323 3019 1377 3089 in·

305 3151 646 3241 suiaS‚'immenso
685 3168 802 3229 tractu
837 3170 941 3230 terrae
979 3161 1169 3253 marisque
1206 3163 1376 3244 dissitas,

306 3304 421 3396 hujus
464 3303 675 3373 commercii
727 3304 819 3372 satis
864 3305 1085 3394 praeclarum
1128 3315 1163 3376 ct
1213 3307 1379 3377 notabile

305 3446 582 3516 documentum.
631 3447 794 3514 Narrant
833 3445 933 3516 enim
971 3446 1170 3537 scriptores
1210 3447 1377 3518 historici

306 3589 526 3676 Gregorium
549 3589 743 3678 Magnum,
770 3609 961 3660 summum
985 3591 1209 3680 pontificem,
1232 3592 1278 3662 de
1305 3594 1379 3661 Au-

304 3732 457 3820 gustino
477 3731 661 3802 monacho
690 3732 729 3801 in
748 3732 937 3820 Angliam,
964 3743 1004 3802 ut
1023 3734 1270 3822 Evangelium
1290 3756 1380 3826 prae·

305 3873 455 3954 dicaret,
477 3873 657 3944 mittendo
679 3873 874 3960 cogitasse.
897 3874 979 3954 Qui,
1001 3896 1086 3945 cum
1102 3877 1222 3945 Roma
1241 3878 1380 3966 profec-

306 4027 366 4086 tus
386 4025 495 4098 esset,
517 4016 563 4086 ad
585 4013 758 4085 Larinum
780 4015 943 4085 insulam
964 4017 1125 4107 appulit;
1152 4040 1226 4110 qua
1247 4020 1382 4090 deinde

307 4160 444 4242 relicta,
474 4169 515 4230 ut
547 4162 706 4229 Romam
738 4167 989 4244 reverteretur,
1020 4181 1132 4256 causa
1168 4162 1238 4232 fuit
1265 4163 1380 4254 hujus

306 4304 470 4396 epistolae
499 4324 612 4396 quam
640 4303 686 4371 ad
714 4302 957 4393 Stephanum,
990 4304 1232 4376 Lerinensem
1260 4307 1382 4377 Abba-
