3072 4956
655 497 834 565 ...79-

209 725 352 794 clarum
386 722 731 813 impugnationibus
761 721 982 802 vindicabat,
1015 743 1090 789 non
1124 720 1278 791 omnino

210 870 391 939 abstinuit
408 868 657 956 Augustinus,
693 867 783 958 quin
813 889 832 935 a
861 866 917 935 via
943 866 1062 936 media
1092 866 1278 936 interdum
1302 911 1306 916 -

211 1014 379 1083 recedere
412 1022 447 1082 et
475 1013 521 1082 ad
553 1012 761 1102 oppositam
790 1011 840 1080 ita
865 1010 1050 1080 declinare
1082 1011 1277 1090 videretur,

211 1167 251 1227 ut
270 1158 333 1248 qui
349 1157 477 1245 gratiae
494 1157 578 1248 jura
595 1156 864 1247 propugnabat,
882 1156 1082 1247 aliquando
1102 1155 1279 1225 humanae
1336 1219 1339 1226 .

211 1301 391 1371 libertatis
429 1301 633 1388 ingenitum
677 1301 849 1371 virtutem
892 1309 956 1370 aut
994 1269 1182 1390 praeterire
1216 1309 1280 1369 aut

212 1445 344 1514 saltem
362 1445 585 1514 imminuere
605 1445 754 1514 habitus
775 1446 834 1514 sit.
853 1447 908 1513 Ex
928 1444 1008 1535 ejus
1023 1444 1137 1532 igitur
1152 1442 1279 1514 minus

211 1587 307 1658 reete
335 1590 455 1671 diutia,
487 1630 529 1642 -
561 1611 646 1681 quae
679 1599 803 1658 tamen
832 1589 871 1657 in
905 1600 945 1657 s'e
972 1585 1136 1679 inspecta
1166 1567 1303 1680 hujus*

210 1725 330 1822 saneti
351 1733 418 1802 viri
441 1731 640 1823 eximiique
663 1733 824 1802 doctoris
850 1733 1041 1815 memoriae
1061 1732 1152 1802 levia
1177 1741 1278 1812 sunt,

208 1917 253 1930 —
274 1897 393 1944 novus
414 1899 517 1945 error
532 1877 659 1955 effluit,
676 1876 739 1967 qui
760 1876 857 1944 viam
878 1877 1154 1963 Pelopiunismo
1169 1897 1279 1966 oppo-

210 2021 321 2090 sitam
338 2028 468 2089 tenens
484 2020 539 2088 ita
551 2019 729 2088 libertatis
746 2019 920 2088 humanae
936 2029 1058 2109 partes
1073 2007 1277 2100 aversatur,

210 2171 251 2233 ut
270 2184 310 2232 ea
331 2162 376 2232 de
396 2163 515 2232 medio
531 2163 685 2232 omnino
701 2163 859 2243 sublata,
877 2184 988 2232 omne
1008 2162 1170 2232 salutare
1185 2185 1279 2254 opus

210 2302 436 2393 soli'gratiae
462 2306 602 2374 auxilio
635 2306 822 2376 attribuat.
858 2307 938 2386 Quo
971 2307 1011 2374 fit
1040 2316 1080 2375 ut
1107 2305 1131 2374 ii
1157 2307 1278 2375 solum

211 2451 370 2519 salutem
413 2457 691 2541 consequantur
732 2450 869 2540 quibus
911 2429 1095 2520 idoneam
1120 2451 1278 2538 gratiam

210 2593 486 2682 praedestinavit
518 2595 617 2661 Deus
654 2616 661 2661 :
695 2595 936 2684 quamobrem
978 2594 1015 2662 hi
1049 2595 1199 2686 quidem
1232 2595 1278 2664 ad

211 2745 391 2805 aeternam
416 2737 528 2805 vitam
555 2738 803 2826 praedestinati
824 2738 1018 2820 dicuntum
1050 2759 1164 2830 eaque
1196 2740 1279 2810 doe·

212 2878 307 2948 trina
342 2884 769 2949 Praectestz'uotiom'smus
795 2882 945 2949 nomine
965 2891 1127 2950 voratur.
1164 2883 1279 2971 Cujus

209 3023 348 3091 erroris
368 3019 510 3092 semina
532 3024 638 3113 quasi
661 3035 801 3114 reperta
823 3025 861 3092 in
882 3025 1061 3114 opusculo
1076 3025 1278 3112 Augustini

209 3165 309 3256 quod
340 3165 384 3235 de
415 3169 650 3251 Correptione
678 3175 712 3233 et
734 3171 862 3253 pratia
888 3143 1116 3248 inscribitur,
1150 3169 1219 3237 v‘el·
1240 3168 1277 3236 in

209 3329 252 3378 eo
278 3308 375 3398 quod
405 3309 448 3377 de
468 3296 796 3378 Prredestirtutz'one
816 3313 1035 3380 Sanctorum
1069 3311 1156 3400 agit,
1191 3333 1278 3402 quo·

208 3443 295 3512 dam
316 3427 426 3512 modo
447 3444 628 3530 vegetiora
650 3465 731 3512 sese
751 3445 982 3514 exhibentia
998 3446 1278 3537 poemataquod

208 3579 370 3668 Prosper
393 3577 616 3668 Aquitanus,
652 3578 853 3665 Augustini
882 3563 1046 3665 vestigiis
1075 3581 1276 3663 inhaerenS,

206 3717 250 3780 de
269 3716 439 3798 Inprutz's
460 3710 607 3801 scripsit
627 3715 690 3822 ,ma
721 3811 723 3814 Ι

227 3926 266 3996 (Ι)
281 3927 380 3981 Omne
396 3927 508 3980 etenim
525 3927 684 4000 probitatis
699 3945 777 4000 opus
794 3928 851 3982 nisi
869 3930 986 3984 semine
1000 3947 1083 3985 verae

278 4021 425 4076 Exoritur
440 4021 521 4085 fidei,
537 4027 695 4094 peceatum
713 4027 761 4077 est
777 4024 869 4096 inque
886 4031 1005 4080 reatum

279 4119 419 4173 Vertitur
755 4112 758 4117 ’
1024 4141 1090 4198 oap.
1109 4126 1142 4181 16

280 4216 359 4272 Nam
373 4218 399 4272 si
413 4235 503 4274 nemo
520 4219 651 4291 usquam
668 4225 714 4274 est
728 4237 819 4292 quern
831 4235 891 4276 non
903 4221 976 4277 velit
989 4239 1059 4278 esse
1071 4222 1276 4298 redemptum,

279 4316 370 4374 Haud
388 4316 479 4373 dubie
495 4317 640 4392 impletur
655 4318 782 4391 quiquid
796 4319 861 4375 vult
877 4336 997 4378 summa
1018 4325 1166 4395 potestaS,
1187 4343 1213 4382 e.
1232 4325 1274 4382 13.
