3058 4960
637 513 815 580 ..37-

191 727 394 816 obstantes}
418 736 523 817 ulios,
541 746 581 805 ut
601 733 796 807 Sidonium
817 741 1081 828 Faustumque,
1103 736 1141 805 in
1162 737 1258 806 exsi-

192 879 283 948 lium
307 879 448 969 pulsos,
475 879 569 949 alios
598 902 696 961 arere,
730 871 995 972 Antiolumque
1032 879 1257 970 Forojulien-

191 1045 284 1104 sem,
307 1022 353 1091 ab
373 1023 507 1108 Eurieo
526 1031 675 1093 necatos
697 1026 757 1114 (l).

236 1168 325 1236 Fere
344 1166 474 1236 eadam
502 1175 606 1236 aetate
631 1153 670 1236 in
695 1167 895 1259 Aquitania
924 1177 1035 1238 natus
1062 1177 1117 1236 est
1135 1167 1257 1254 Virgi-

192 1308 277 1390 lius,
299 1309 338 1377 in
359 1309 481 1378 insula
507 1311 700 1380 Lerinensi
725 1313 886 1400 primum
908 1311 1132 1393 monachum
1156 1336 1172 1375 «
1194 1311 1257 1401 qui

193 1478 209 1516 u
232 1462 275 1540 ut
292 1453 448 1522 interius
468 1455 601 1524 dirinae
629 1454 720 1542 legis
741 1464 920 1544 praecepta
948 1464 1176 1543 agnosceret,
1206 1455 1255 1525 ita

194 1597 451 1665 «naturaliter
476 1618 592 1686 eupax
619 1597 790 1665 acumine
810 1597 1015 1666 litterarum
1042 1605 1097 1667 est
1124 1598 1258 1667 studiis

194 1769 210 1807 u
232 1721 411 1823 eruditus,
434 1751 474 1812 ut
493 1751 641 1832 pastum
661 1742 796 1811 animae
820 1742 963 1829 legendi
990 1721 1161 1811 ariditate
1187 1742 1258 1811 col-

196 1913 211 1950 «
235 1879 362 1973 ligeret
390 1914 406 1950 »
444 1887 505 1975 (2).
538 1885 626 1965 Hie,
666 1907 750 1954 eum
788 1883 906 1954 aetatis
941 1885 1257 1974 septuagesimum

191 2051 334 2098 annum
355 2018 490 2117 ageret,
514 2055 530 2093 «
552 2037 635 2119 post
661 2029 878 2098 desudatam
904 2028 1119 2097 Lerinensis
1146 2027 1257 2096 eremi

193 2199 210 2238 a
232 2173 457 2264 palaestmm
479 2199 495 2237 »
524 2173 720 2262 episcopus
752 2172 982 2241 Arelatensis
1006 2171 1173 2259 eligitur,
1209 2173 1259 2239 su

190 2317 380 2403 Gregorio³
410 2337 558 2385 summo
585 2316 747 2405 pontifici
782 2315 1112 2395 familiarissimus
1150 2314 1259 2404 eujus

191 2459 237 2527 ad
262 2479 347 2527 eum
379 2453 504 2548 plures
537 2467 684 2527 exstant
715 2458 889 2548 epistolae.
925 2458 994 2526 Hie
1025 2466 1108 2546 post
1138 2477 1259 2524 annos

191 2602 437 2692 quadraginta
461 2622 592 2671 norem
608 2601 646 2669 in
667 2601 811 2669 civitate
824 2600 1031 2669 Arelatensi
1049 2609 1258 2679 aetostun-

191 2743 276 2812 dem
304 2765 322 2811 e
351 2744 423 2811 rita
445 2743 567 2823 cessit,
590 2747 738 2811 eentum
759 2741 887 2828 viginti
909 2750 943 2809 et
972 2750 1111 2831 septem
1138 2761 1259 2808 annos

192 2896 305 2955 notus
335 2909 341 2954 :
371 2887 479 2976 eujus
512 2886 713 2972 Gregorius
745 2884 975 2953 Turonensis
1006 2883 1176 2952 meminit
1196 2885 1257 2971 (3).

237 3029 441 3098 Caesarium
456 3029 711 3097 Arelatensem
727 3028 898 3096 consulto
917 3027 1150 3117 cogitateque
1169 3026 1259 3094 omi-

192 3172 239 3253 si,
262 3194 347 3240 eum
374 3172 418 3240 de
446 3194 488 3241 eo
513 3173 594 3254 fuse
620 3171 763 3262 lateque
790 3170 869 3238 loeo
897 3179 1066 3260 separato
1092 3169 1261 3237 dicturus

191 3321 278 3388 sim.
304 3321 483 3409 Tempore
503 3341 588 3388 vero
608 3319 773 3408 ejusdem
799 3317 949 3386 Caesarii
976 3316 1179 3407 primisque
1206 3337 1260 3385 se-

190 3463 265 3532 euli
287 3463 381 3531 sexti
408 3462 531 3542 annis,
556 3488 571 3526 α
594 3483 678 3530 eum
685 3515 750 3529 .....
773 3481 903 3528 omnes
923 3459 1150 3528 unanimiter
1176 3479 1260 3526 oon-

192 3633 209 3672 «
233 3615 425 3675 currerent
445 3626 511 3695 pro
531 3605 650 3674 salute
670 3604 893 3684 animarum,
925 3601 1002 3670 sire
1021 3601 1142 3669 studia
1170 3601 1260 3669 litte·

192 3776 208 3816 «
234 3771 360 3818 rarum
368 3803 433 3817 .....
462 3749 506 3817 de
532 3748 699 3838 partibus
733 3745 944 3835 Campaniae
975 3744 1169 3824 oriundus
1197 3745 1261 3813 sed

190 3885 331 3959 «intra
370 3890 552 3959 civitatem
589 3889 774 3957 Albanam
812 3885 993 3966 nutritus,
1039 3885 1145 3954 miles
1183 3885 1261 3975 qui-

228 4140 269 4214 (1)
284 4141 455 4213 Gregorius
471 4139 585 4196 Turon.
600 4137 681 4194 Hist.
694 4141 810 4194 Fratre.
827 4136 890 4194 Lib.
905 4136 942 4200 ll,
959 4153 1026 4209 eap.
1038 4135 1082 4190 25.

227 4241 267 4313 (2)
285 4238 495 4308 Chronotopio
507 4236 615 4293 Leria.
631 4237 665 4294 T.
685 4235 706 4304 l,
724 4254 752 4309 p.
771 4235 815 4290 96.

228 4339 268 4414 (3)
285 4338 431 4396 Historia
446 4340 564 4394 Fratre.
585 4334 719 4399 Lib.'lX,
736 4351 801 4408 cup.
816 4333 860 4388 23.
