3058 4960
667 581 674 586 .
738 484 917 549 '’36-

298 729 315 765 a
337 703 448 772 lmtre
467 723 549 770 meo
568 703 747 782 Himerio,
766 725 878 771 avum
898 704 1062 782 nomine,
1085 705 1238 772 tratrem
1258 705 1365 786 faeie,

298 857 535 938 «utrumque
554 848 745 936 prudentia
763 849 842 938 jam
864 857 1033 917 tenemus
1055 878 1071 908 υ
1095 851 1158 934 [¹¹-

342 991 441 1058 lnter
458 991 656 1059 insulanos
675 991 897 1059 Lerinenses
922 991 1018 1058 eirca
1039 991 1200 1059 mediam
1221 1001 1366 1081 partem

297 1133 412 1200 seculi
431 1134 478 1212 Υ,
498 1133 751 1221 Apollinarem
776 1133 975 1222 quemdam
1005 1133 1127 1201 videre
1154 1144 1224 1214 est,
1251 1157 1366 1225 quem

295 1277 407 1356 Aviti,
434 1277 662 1344 l'iennensis
694 1275 869 1365 episcopi,
899 1277 1049 1346 fratrem
1076 1277 1229 1358 faciunt,
1258 1278 1367 1348 fami-

297 1420 419 1510 liaque
444 1429 567 1487 ortum
590 1441 674 1508 quae
693 1420 789 1486 inter
811 1419 1006 1508 optimates
1029 1421 1224 1514 Arva-nia
1240 1423 1366 1492 locum

297 1564 490 1632 obtineret.
525 1563 593 1630 Hir
622 1563 721 1630 enim
748 1583 834 1630 eum
860 1563 1027 1641 Maximi,
1055 1564 1245 1653 quondam
1265 1567 1367 1634 Leri-

298 1708 428 1776 nensis
447 1707 605 1786 abbatis,
625 1707 783 1774 consilio
802 1729 991 1798 suasuque
1009 1709 1049 1775 in
1064 1709 1228 1778 insulam
1243 1711 1367 1780 renis-

296 1862 364 1931 εει,
385 1861 494 1941 atque
513 1851 649 1920 ibidem
670 1850 788 1918 sacris
808 1850 938 1918 litteris
957 1861 1052 1919 esset
1073 1853 1254 1932 initiatus,
1281 1863 1367 1943 post

295 1996 443 2084 elapsos
473 2017 596 2062 annos
624 2016 774 2084 paucos,
798 1995 1042 2084 episcopalem
1074 1996 1293 2083 dignitatem
1324 1998 1366 2066 in

295 2140 440 2208 civitate
458 2137 629 2206 l'alentia
648 2138 815 2226 adeptus,
837 2159 880 2206 eo
900 2139 939 2205 in
959 2139 1039 2207 loro
1060 2167 1077 2202 n
1097 2141 1265 2209 altluenti
1280 2142 1366 2210 doe-

298 2307 315 2344 «
338 2281 448 2359 trina,
477 2279 648 2366 flagranti
677 2279 716 2346 in
749 2280 867 2347 Deum
895 2301 1034 2359 amore,
1068 2281 1194 2349 orium
1226 2283 1366 2352 eximia

298 2451 314 2488 «
337 2423 531 2493 dilectione
551 2451 569 2486 »
591 2424 639 2510 (2)
660 2421 776 2490 multa
792 2444 877 2490 cum
893 2422 1001 2492 laude
1016 2423 1152 2492 floruit.

339 2570 466 2658 Neque
485 2566 633 2634 silentio
653 2565 931 2655 prataaundus
950 2575 1005 2634 est
1020 2567 1194 2637 Antiolus
1207 2569 1281 2649 ille,
1299 2571 1365 2661 qui

296 2713 343 2780 ab
362 2708 608 2779 adolescentia
629 2709 668 2776 in
688 2709 821 2777 Lerina
837 2709 961 2778 insula
981 2710 1028 2778 ad
1043 2712 1260 2782 monastica}
1281 2714 1365 2784 vitto

296 2855 478 2924 rationem
514 2851 751 2931 informatus,
790 2875 875 2921 cum
906 2854 1092 2922 l'incentii
1129 2865 1162 2924 et
1197 2857 1364 2926 Salviani

295 2989 491 3087 disciplina
512 2997 700 3065 humanas
719 2996 860 3064 litteras
879 3005 975 3064 esset
995 2997 1158 3077 edoctus,
1176 3020 1196 3066 a
1213 3020 1364 3070 monas-

297 3139 387 3208 terio
419 3146 611 3206 revocatus
636 3145 703 3216 est,
737 3146 776 3205 ut
803 3137 842 3204 in
874 3136 1185 3226 Forojuliensium
1217 3138 1365 3210 civitate

296 3283 549 3374 episcopatum
575 3291 728 3369 gereret.
759 3282 827 3350 Hie
847 3290 903 3350 est
921 3302 1031 3372 quem
1053 3307 1070 3344 «
1091 3284 1260 3368 gaudens
1279 3306 1364 3372 eog-

297 3427 446 3496 norisse
474 3425 680 3493 meminit»
703 3426 750 3513 (3)
781 3425 969 3495 Sidonius.
997 3427 1049 3493 Ea
1072 3426 1229 3495 nefanda
1257 3437 1364 3498 aetate

297 3569 440 3638 vivebat
469 3590 554 3658 qua,
583 3568 746 3637 eaedibus
765 3577 800 3636 et
820 3567 990 3636 incendio
1010 3568 1167 3637 Galliam
1193 3579 1365 3640 vastante

297 3713 442 3793 llurioo,
480 3712 652 3780 videbant
680 3737 696 3776 a
723 3710 881 3779 herbosa
914 3710 1153 3779 viridantium
1186 3712 1362 3783 altarium

296 3856 408 3925 latero
429 3855 576 3946 depasci
598 3881 614 3918 »
637 3855 698 3942 (l),
720 3854 913 3943 episcopos
932 3875 1017 3922 tero
1038 3862 1195 3944 tyranno
1220 3857 1365 3927 fortiter

328 4053 369 4125 (l)
385 4054 532 4110 Sidonius
547 4051 649 4126 Apoll.
665 4067 671 4106 1
689 4050 753 4106 Lib.
773 4049 838 4113 Vll,
854 4050 942 4122 epist.
962 4050 1003 4105 13.

327 4154 369 4224 (2)
384 4156 462 4210 Acta
477 4156 541 4220 SS„
560 4159 579 4210 l.
602 4151 654 4218 lll‚
670 4149 791 4213 Octob„
809 4167 837 4220 p.
854 4147 889 4202 46

330 4252 368 4324 (3)
382 4252 447 4307 Lib.
465 4251 547 4318 Vlll,
566 4252 654 4324 epist.
669 4248 713 4304 ll.

329 4355 365 4423 (l)
380 4350 527 4407 Sidonius
540 4348 640 4422 Apoll.
658 4347 721 4404 Lib.
737 4347 789 4412 Vl,
804 4347 892 4420 epist.
909 4346 937 4404 6.
