3058 4960
457 757 667 850 CAPUT
703 757 1047 864 SECUNDUM

699 1023 805 1032 -—---

293 1275 440 1338 QUINAM
465 1276 712 1330 LERINENSEM
737 1277 913 1330 SGHOLAM
937 1277 1210 1331 INSTlTUERlNT

264 1513 357 1584 Cum
377 1535 418 1583 ea
439 1513 487 1582 sit
511 1513 635 1584 omnis
654 1513 832 1584 humanae
848 1514 1094 1584 institutionis
1109 1514 1283 1596 mnditia,

220 1677 305 1748 quae
316 1656 379 1726 diu
395 1657 594 1746 perdurare
611 1677 685 1725 non
698 1657 827 1738 valeat,
840 1657 912 1726 nisi
928 1658 1078 1746 ingenio
1094 1659 1283 1749 opibusve,

219 1820 285 1868 ceu
306 1799 547 1868 fundamento
567 1819 648 1880 sua,
675 1799 882 1882 innitatur;
908 1809 1107 1891 antequam
1130 1800 1286 1870 ulterius

219 1940 488 2031 progredimur,
519 1942 696 2033 aquibus
716 1943 930 2012 auctoribus
950 1943 1110 2033 primum
1133 1944 1285 2013 fundata
1318 2033 1319 2037 Ἰ

219 2086 451 2175 processerit,
480 2086 661 2176 quibusve
694 2087 828 2177 opibus
859 2086 1019 2156 stabilita
1054 2087 1163 2157 fuerit
1188 2087 1286 2156 Leri-

219 2229 349 2298 nensis
383 2225 522 2309 schola,
556 2230 801 2319 quaerendum
827 2239 894 2299 est.
927 2231 1017 2298 Haec
1046 2239 1169 2300 autem
1203 2230 1283 2320 ejus

219 2371 367 2441 fortuna
402 2371 482 2453 fuit,
519 2373 617 2462 quod
650 2373 753 2442 omni
787 2373 1034 2442 aestimatione
1071 2373 1206 2464 majus,
1246 2382 1287 2442 ut

218 2514 344 2583 statim
364 2535 384 2583 a
405 2514 599 2605 principio,
630 2536 650 2583 a
671 2515 984 2605 praeclarissimis,
1010 2516 1042 2586 si
1069 2517 1179 2592 modo
1198 2523 1286 2584 tem-

219 2657 321 2747 poris
337 2657 517 2727 rationem
543 2657 693 2739 habeas,
716 2659 959 2750 scriptoribus
984 2669 1018 2729 et
1037 2659 1286 2729 sanctissimis

218 2799 309 2868 viris
347 2801 499 2871 fundata
537 2801 712 2891 primum,
757 2802 970 2872 continuata
1009 2802 1140 2872 deinde
1177 2811 1287 2893 atque

219 2941 404 3012 illustrata
424 2943 502 3012 sit:
532 2943 653 3024 itaut,
684 2965 765 3012 mea
792 2945 940 3035 quidem
968 2944 1162 3025 sententia,
1191 2944 1287 3013 inter

220 3085 447 3154 monasticas
481 3085 642 3166 scholas,
673 3086 750 3154 sive
780 3085 855 3167 illa,
892 3086 968 3156 sive
991 3095 1137 3177 postera
1164 3095 1283 3166 aetate,

220 3248 295 3296 non
316 3227 428 3297 aliam
444 3228 610 3297 invenire
630 3229 765 3318 possis,
792 3251 877 3319 quae
904 3237 956 3299 tot
969 3245 1018 3298 'ao
1038 3229 1151 3299 tantis
1172 3228 1285 3298 simul

219 3370 337 3440 doctis
365 3371 455 3440 viris
483 3371 635 3461 praedita
662 3371 735 3454 sit;
763 3393 923 3463 quorum
949 3371 1140 3453 memoria,
1162 3373 1285 3440 Hono-

221 3516 289 3585 rati
328 3515 477 3596 seilieet,
517 3513 723 3606 Hilariique
763 3517 993 3586 Arelatensis
1032 3526 1067 3587 et
1098 3517 1285 3585 Vincentii

218 3658 446 3739 LerinensiS,
469 3658 641 3727 Eucherii
660 3659 936 3761 Lugdunensis,
963 3659 1056 3749 Lupi
1076 3659 1282 3739 TreeensiS,

220 3801 382 3871 Salviani
421 3801 682 3882 Massiliensis,
723 3801 923 3892 Faustique
960 3802 1136 3896 Reiensis
1169 3802 1284 3872 menti

220 3945 345 4013 statim
360 3945 531 4026 occurrit,
554 3966 705 4036 remque
724 3954 837 4014 totam
862 3945 911 4014 ita
932 3946 1156 4026 dominatur,
1179 3954 1219 4015 ut
1238 3945 1285 4014 ab

220 4108 273 4156 ea
300 4087 381 4157 haee
419 4087 570 4156 nomina
609 4087 763 4157 minime
805 4089 969 4178 separari
1012 4097 1161 4180 queant.
1205 4087 1283 4157 Etsi
1365 4147 1367 4152 ,

220 4230 511 4322 unumquodque
544 4251 672 4299 eorum
704 4251 840 4299 nomen
873 4230 922 4298 ita
957 4229 1054 4320 apud
1084 4230 1284 4300 litteratum
