3072 4956
749 495 930 566 ..84-

301 713 385 804 jure
413 717 461 786 sit
490 717 652 790 habitus.
688 719 793 800 Quod
825 741 943 812 neque
972 723 1108 790 Fausto
1139 742 1256 812 neque
1288 722 1371 791 aliis

305 861 572 930 Lerinensibns
596 863 743 932 crimini
764 885 846 932 esse
865 864 982 945 debet,
1010 887 1095 935 curn
1116 865 1186 934 hac
1205 874 1312 936 aetate
1330 888 1369 935 ea

305 1013 383 1073 erat
420 1002 587 1074 doetrina'
626 1007 941 1094 Semi-Pelagiana
981 1030 1064 1099 quta
1102 997 1213 1079 libere
1250 1009 1371 1078 doceri

305 1155 443 1236 posset.
472 1150 651 1218 Praeterea
686 1149 822 1219 schola
853 1151 1046 1220 Lerinensi
1076 1153 1304 1233 servabatur,
1333 1161 1372 1221 ut

305 1310 416 1359 omne
435 1289 590 1360 dubium
606 1291 650 1360 de
671 1292 792 1360 medio
808 1292 941 1362 tollens
957 1293 1211 1362 contentiones
1226 1295 1370 1363 conclu-

304 1433 434 1503 deret:
462 1433 599 1524 quibus
626 1436 737 1504 tinem
765 1435 848 1504 feeit
872 1437 1071 1505 concilium
1098 1437 1369 1506 Arausieanum

305 1577 511 1647 secundum
562 1599 608 1647 ex
661 1580 877 1650 auctoritate
928 1580 1076 1650 Caesarii
1128 1581 1368 1661 Arelatensis

305 1713 449 1788 alumni
469 1720 684 1790 Lerinensis
703 1722 891 1812 praecipui.

350 1865 433 1934 Hua
457 1885 576 1954 usque
600 1864 645 1933 de
665 1866 880 1936 auctoritate
907 1865 1100 1935 Lerinensi
1123 1875 1246 1935 actum
1278 1875 1334 1935 est
1361 1889 1368 1933 :

305 2007 601 2098 quamprimum
634 2028 700 2097 pra
728 2018 827 2078 certa
853 2009 971 2078 faeere
995 2031 1040 2078 ex
1069 2008 1190 2078 allatis
1211 2008 1370 2077 testimo-

307 2152 380 2222 niis
406 2152 528 2220 eonati
556 2174 688 2220 sumus
718 2175 725 2220 :
762 2152 875 2243 hujus
902 2175 987 2221 vero
1014 2174 1148 2222 causas
1175 2161 1369 2243 postquam

306 2284 575 2365 recensuimus
598 2306 662 2374 per
681 2307 784 2376 quos
800 2294 834 2355 et
853 2307 927 2376 (pua
947 2287 1057 2355 mado
1084 2293 1186 2353 extra
1209 2285 1370 2353 insulam

193 2461 196 2465 -
305 2419 402 2488 hane
422 2419 653 2525 exercuerint
672 2420 893 2490 Lerinenses
913 2420 1113 2510 quaesitum
1134 2427 1201 2488 est.
1219 2421 1271 2488 Ea
1287 2440 1369 2487 vero

305 2553 520 2634 auctoritas,
548 2576 619 2644 qua
642 2554 753 2642 lango
783 2563 945 2644 tempore
971 2553 1010 2621 in
1037 2551 1202 2622 docenda
1231 2562 1266 2622 et
1285 2553 1370 2622 sari-

305 2686 425 2758 bendo
459 2684 585 2768 *insula
625 2685 758 2754 Lerina
803 2687 900 2776 apud
943 2683 1196 2755 Occidentales
1241 2683 1370 2752 merito

306 2821 480 2902 innotuit,
513 2843 588 2891 nan
615 2822 710 2891 ultra
747 2821 891 2911 septimi
920 2820 1034 2889 seculi
1064 2821 1170 2899 fines,
1205 2819 1370 2888 simodo

305 2979 369 3026 eas
389 2955 520 3044 attigit,
544 2956 788 3046 progreditur.
811 2959 861 3024 Ea
883 2955 1070 3025 sananim
1090 2953 1202 3023 seculi
1225 2952 1369 3043 septimi

306 3093 454 3161 fortuna
482 3112 564 3182 quae
589 3091 750 3159 tumultu
784 3112 853 3160 suo
879 3090 1042 3159 insulam
1068 3094 1252 3156 exerceret
1276 3085 1370 3155 Leri-

308 3247 519 3315 nensesque
539 3224 577 3292 in
598 3223 805 3292 contrarias
825 3232 947 3313 partes
971 3231 1094 3309 ageret
1112 3223 1161 3310 (1)
1185 3243 1192 3288 :
1219 3241 1293 3309 quo
1315 3240 1372 3287 res

308 3359 493 3428 insulanae
541 3357 718 3447 paulatim
769 3356 955 3426 inalinatae
1005 3355 1118 3424 dilabi
1167 3361 1370 3442 coeperunt

306 3493 435 3573 donee,
457 3492 609 3560 ineunte
634 3490 758 3559 secula
778 3497 917 3569 octavo,
939 3486 1165 3557 monasterio
1185 3493 1372 3554 momento

310 3627 486 3718 temporis
506 3627 544 3696 in
564 3626 763 3716 pristinum
785 3625 964 3693 honorem
985 3631 1019 3691 et
1039 3621 1234 3711 antiquum
1261 3620 1372 3688 decus

310 3761 490 3841 restituta,
525 3759 753 3829 irruentibus
787 3755 995 3835 Saracenis,
1031 3753 1264 3845 praecipitatae
1296 3773 1372 3820 cor-

309 3902 458 3965 ruerent
468 3896 528 3982 (2).
545 3896 648 3962 Tune
668 3893 712 3960 de
727 3891 918 3960 Lerinensi
936 3889 1150 3959 auctoritate
1165 3895 1289 3956 aetum
1305 3892 1370 3955 est.

343 4120 380 4192 (t)
398 4121 543 4175 Chronal.
558 4115 666 4180 Leria,
681 4120 701 4172 t.
720 4116 741 4183 Ι,
759 4134 787 4189 p.
804 4114 857 4170 328
877 4120 906 4169 et
927 4131 990 4186 seq.
1016 4145 1048 4154 -
1072 4111 1168 4167 Attiez
1192 4126 1198 4165 ι
1223 4109 1304 4166 Hist.
1328 4112 1373 4164 uu

307 4223 443 4276 monast.
459 4221 497 4273 cte
511 4215 636 4279 Lerina,
654 4220 673 4268 t.
692 4214 713 4281 Ι,
732 4232 759 4286 p.
773 4212 836 4268 365.

343 4316 381 4386 (2)
398 4313 485 4380 thia,
502 4332 531 4387 p.
548 4311 611 4370 224.
628 4344 661 4352 -
679 4310 752 4365 lhid.
769 4329 798 4384 p.
814 4309 876 4365 402.
