3058 4960
639 503 818 572 „31-

241 722 337 791 Huic
367 721 533 812 opinioni
565 724 719 792 libenter
751 724 948 806 assentior,
986 725 1022 794 id
1052 728 1189 796 Fausto
1223 728 1262 798 in

190 873 388 944 Lerinensi
417 873 539 942 insula
566 873 717 943 solitum
744 874 871 955 luisse,
902 885 943 944 ut
971 876 1138 964 magistri
1165 881 1263 951 vices

197 1032 391 1103 exerceret,
408 1022 544 1092 nedum
560 1023 767 1092 existimem
783 1046 868 1093 eum
885 1025 1026 1095 Sidonii
1042 1047 1263 1113 germanum

198 1171 350 1242 unicum
371 1172 452 1262 ejus
471 1173 696 1262 discipulum
716 1173 844 1243 fuisse.
872 1177 972 1256 Quas
992 1177 1089 1247 vices
1114 1178 1262 1269 quidem

190 1310 486 1413 vfere'nunquam
507 1320 716 1401 intermisit,
741 1344 825 1390 cum
848 1325 894 1392 ab
917 1325 1009 1415 ipso,
1034 1326 1089 1395 vel
1114 1326 1262 1396 Reiensi

197 1468 380 1559 episcope,
417 1476 495 1537 tum
530 1467 610 1535 vira
644 1489 743 1548 voce,
775 1476 852 1537 tum
887 1471 1046 1560 scriptlS,
1083 1471 1263 1540 rationem

197 1611 328 1697 agendi
349 1609 455 1678 multi
476 1618 650 1698 peterent.
678 1612 836 1679 Exstant
855 1611 953 1679 enim
978 1612 1103 1681 Fausti
1131 1612 1263 1701 episto-

197 1755 240 1826 lie
260 1758 305 1826 ad
324 1757 493 1837 Felicem,
511 1758 556 1826 ad
573 1757 743 1826 Graecum
758 1755 970 1837 diaconum,
988 1758 1034 1826 ad
1054 1755 1235 1825 Lucidum
1254 1781 1260 1826 :

199 1933 215 1971 «
238 1909 380 1987 Quaeris
405 1931 425 1975 a
456 1928 526 1987 me,
563 1905 868 1975 reverendissime
897 1907 1143 1986 sacerdotum,
1175 1928 1263 1998 quo·
1351 1941 1356 1950 ·

197 2057 306 2126 modo
331 2057 472 2125 erinnis
500 2056 800 2145 respondendum
828 2054 913 2123 sit»
941 2057 1012 2142 (l);
1035 2055 1261 2146 quiomneS,

197 2216 282 2266 cum
314 2198 493 2265 Faustum
519 2203 697 2286 tanquam
724 2194 909 2262 doctorem
941 2202 975 2262 et
1004 2201 1263 2283 praeceptorem

197 2346 370 2424 habeant,
401 2344 447 2412 ab
473 2364 514 2411 eo
535 2341 622 2433 quid
643 2342 691 2410 sit
712 2341 921 2410 faciendum
946 2350 1009 2409 ant
1029 2341 1264 2409 sentiendum

197 2499 473 2584 percontantur.
499 2491 590 2569 Quae
614 2509 698 2556 cum
724 2487 772 2556 ita
793 2488 880 2568 sint,
909 2488 955 2556 ad
982 2487 1018 2556 id
1045 2486 1265 2556 adducimur

195 2649 235 2709 ut
248 2660 314 2729 pro
327 2645 425 2706 certo
440 2646 643 2715 teneamus
662 2635 832 2703 eumdem
848 2636 1040 2712 Faustum,
1058 2653 1131 2723 quo
1151 2653 1259 2700 nemo

198 2784 350 2853 uberius
370 2782 563 2852 Lerinensi
584 2781 808 2851 institutioni
824 2780 1093 2871 amplificandae
1109 2779 1262 2859 studuit,

182 2923 294 2996 ¹inter
321 2927 401 3017 ejus
427 2935 596 2995 auctores
622 2925 902 3016 praecipuosque
931 2934 1107 3015 patronos
1134 2921 1265 2991 merito

198 3070 472 3139 ascribendum.

242 3209 389 3280 Jamde
409 3208 537 3299 paucis
558 3207 768 3276 illustribus
791 3206 892 3286 viris,
921 3228 1015 3297 quos
1040 3213 1143 3273 vocat
1163 3205 1264 3274 Sido-

198 3354 286 3422 nius
314 3380 330 3418 a
358 3354 403 3422 de
427 3361 558 3422 senatu
583 3351 843 3420 Lerinensium
865 3350 1146 3429 cellulanorum,
1170 3375 1186 3413 »
1208 3373 1265 3417 ac·

199 3500 278 3562 tum
298 3503 365 3574 est,
387 3517 482 3585 quos
502 3493 726 3583 perlustrare
752 3500 786 3560 et
811 3489 918 3580 quasi
950 3507 1150 3567 recensere,
1177 3488 1265 3556 cele·
1365 3505 1370 3511 ·

198 3637 315 3705 bratis
343 3657 472 3705 eorum
502 3635 705 3726 prtescrtim
737 3634 776 3700 in
802 3633 996 3701 scribendo
1025 3634 1080 3701 rel
1111 3632 1266 3701 dicendo

198 3783 410 3864 virtutibus
432 3783 554 3852 conati
575 3803 719 3852 sumus.
749 3781 1054 3873 Uniuscujusque
1080 3803 1165 3851 roro
1185 3803 1266 3870 par-

200 3936 254 3995 tes
293 3927 332 3994 in
366 3925 492 3994 schola
527 3923 719 3994 Lerinensi
755 3922 913 4009 regenda
952 3930 992 3990 ut
1029 3920 1264 3996 definiamus,

198 4095 412 4165 munusque
436 4074 534 4165 quod
561 4073 600 4140 in
627 4071 752 4162 pueris
778 4069 979 4139 educandis
1009 4068 1267 4160 unusquisque

236 4330 276 4404 ll>
293 4330 398 4390 Fausti
415 4327 554 4406 epistolae
570 4327 591 4386 l.
608 4327 651 4383 20.
669 4328 701 4382 ln
717 4329 860 4384 Marcum.
877 4326 981 4382 Germ.
1000 4322 1071 4379 hist.
