3058 4960
760 456 946 530 -22-=

315 682 396 773 copi
424 681 610 772 gallicani,
636 683 675 753 in
700 683 856 754 concilio
881 682 1090 754 Arelatensi
1119 681 1163 752 ΙΙο
1183 681 1311 764 coacti,
1339 682 1381 753 in

313 826 546 896 Britanniam
584 849 669 897 cum
703 828 901 908 Germa-no,
935 826 1254 897 Antissiodonensi
1285 827 1380 918 epis-

266 981 273 1076 ξ
313 991 416 1060 copo,
452 971 648 1053 miserunt,
683 980 724 1041 ut
751 972 918 1042 doctrina
957 971 1070 1040 simul
1103 979 1138 1040 et
1170 971 1378 1062 eloquentia

312 1117 634 1201 Pelagiom‘smom
670 1136 734 1204 per
764 1115 966 1184 Britannos
996 1122 1204 1204 serpentem
1239 1135 1379 1184 coerce·

313 1266 378 1326 net.
406 1257 584 1328 Convenit
617 1258 714 1328 inter
743 1279 873 1328 omnes
902 1260 1048 1348 Lupum
1080 1259 1298 1327 Trecensem
1327 1257 1378 1326 ita

312 1401 563 1471 humanarum
596 1403 880 1494 divinarumque
913 1403 1118 1472 litterarum
1152 1402 1376 1481 studiosum,

277 1512 279 1518 ι
311 1553 352 1613 ut
377 1545 479 1614 omni
509 1567 611 1627 cuna,
643 1547 744 1615 omni
769 1556 846 1617 ante
875 1568 946 1638 qua
977 1554 1118 1636 poterat
1150 1546 1196 1616 ad
1230 1545 1378 1616 scholas

310 1687 550 1758 instruendas
585 1689 854 1770 allaboraveiit‚
884 1690 1012 1781 eisque
1037 1689 1139 1758 omni
1171 1688 1281 1758 modo
1314 1709 1379 1778 pen

309 1839 430 1900 annos
450 1831 719 1923 quinquaginta
740 1833 813 1902 duo
834 1833 974 1902 faverit.

301 2067 302 2076 ἵ
353 1973 451 2043 Huic
487 1995 578 2042 non
597 1974 691 2043 cedit
722 1974 928 2044 Eucherius
960 1975 1225 2063 Lugdunensis
1258 1995 1378 2066 neque

310 2117 457 2187 monum
491 2118 711 2206 integritate,
748 2141 866 2210 neque
898 2119 983 2189 vitae
1017 2118 1220 2200 honestate,
1257 2139 1377 2209 neque

310 2261 515 2330 litterarum
546 2261 653 2330 laude
684 2284 692 2328 :
727 2261 790 2353 qui
824 2283 908 2331 cum
942 2261 1021 2351 pani
1055 2261 1232 2349 dignitate
1265 2267 1376 2340 esset,

310 2426 493 2495 orsusque
513 2426 531 2473 e
547 2404 733 2474 senatorio
748 2393 933 2492 sanguine
946 2405 1043 2474 inter·
1056 2405 1251 2495 optimates
1270 2425 1378 2494 coop-

310 2558 460 2629 tanetun
508 2549 624 2629 Galla,
665 2569 749 2639 quae
782 2548 821 2617 in
859 2549 1139 2619 matrimonium
1181 2547 1376 2619 duodecim

310 2691 447 2760 abhinc
467 2691 579 2760 annis
599 2690 651 2759 illi
665 2691 793 2780 juncta
815 2700 903 2771 enat,
935 2700 1135 2772 annuente,
1164 2712 1248 2760 cum
1274 2690 1378 2759 Salo-

311 2833 373 2903 nio
394 2843 428 2903 et
447 2836 597 2904 Verano
617 2855 686 2903 suo
706 2835 745 2903 in
765 2834 929 2904 insulam
944 2836 1037 2903 Lero
1058 2835 1205 2904 tandem
1221 2856 1261 2903 se
1281 2855 1378 2904 rece-

309 2979 373 3068 pit.
400 2978 512 3050 Fama
543 3002 628 3050 veno
652 2981 733 3070 ejus
765 2990 869 3050 trans
902 3002 1002 3049 mare
1021 2980 1193 3068 uulgata,
1225 3000 1270 3048 ex
1298 3000 1378 3063 om·

309 3123 415 3191 nium
436 3125 622 3194 consensu
642 3133 799 3215 votoque
817 3124 1060 3212 Lugdunensi
1075 3123 1239 3193 ecelesiae
1255 3121 1378 3212 praefi·-

308 3265 414 3335 eitur.
432 3268 480 3335 At
500 3268 616 3336 tenuit
635 3289 720 3337 eum
740 3268 876 3337 insulae
895 3267 1120 3337 desiderium
1143 3275 1181 3342 ,et
1200 3287 1240 3335 ea
1261 3287 1376 3356 quam

311 3417 417 3478 vocat
438 3435 454 3474 α
476 3411 587 3479 eremi
608 3411 796 3480 caritatem
818 3435 835 3475 »
858 3413 925 3500 (1);
954 3431 1026 3501 qua
1046 3419 1183 3490 motuS,
1205 3410 1376 3478 affectus-

308 3575 380 3643 que
408 3555 466 3622 sui
486 3554 697 3646 impatiens³
726 3554 772 3624 ad
796 3553 980 3622 Hilarium
1008 3575 1132 3634 suum,
1160 3561 1247 3621 tunc
1275 3552 1375 3621 Leni-

283 3689 477 3778 'nensem‚
518 3698 743 3789 exquisitum
781 3697 872 3766 illud
911 3698 1132 3787 opusculum
1169 3702 1211 3765 de
1248 3700 1376 3765 Laude

307 3845 425 3910 creent
444 3841 677 3932 conscripsit.
711 3839 815 3921 Quod
847 3840 878 3909 si
909 3840 1041 3927 legetis
1070 3839 1250 3930 piissimae
1283 3838 1374 3907 ami-

308 3984 435 4075 cisque
455 3983 684 4054 fidelissimae
704 3982 842 4052 animae
856 3982 1059 4070 imaginem
1079 4003 1170 4051 sane
1191 3980 1255 4051 tibi
1271 3980 1375 4050 effin-

343 4255 380 4328 (1)
397 4257 438 4311 De
453 4256 563 4311 Laude
578 4251 686 4310 eremi.
705 4250 817 4309 Patrol.
835 4250 898 4321 lat,
916 4257 936 4310 t.
953 4251 986 4318 L,
1003 4251 1060 4309 col.
1079 4251 1139 4308 711.
